2400 4067
305 490 601 559 RHaronrcA
629 489 731 559 Lau.
757 493 813 561 II.
868 511 937 585 321

255 602 329 663 sime
348 604 489 679 scribere,
509 605 559 685 qui
577 621 683 677 curet,
703 619 734 662 ut
756 604 887 684 quaedam
906 625 944 666 ex

256 685 426 764 quibusdam
440 685 642 767 intelligantur.
660 683 774 745 Contra
790 687 946 746 ratiocina-

253 767 366 826 tionem
382 788 391 839 ;
404 764 567 846 hujusmodi
582 763 778 841 conieciuram
791 765 944 826 divinatio·

255 865 327 906 nem
347 849 427 921 effe,
451 848 483 906 &
506 845 584 906 stulti
604 846 747 928 scriptoris
770 843 852 921 effe,
881 866 943 908 non

253 927 336 1005 poffe
357 928 494 989 omnibus
515 928 555 988 de
572 927 659 989 rebus
684 947 813 1003 cavere,
838 927 948 1010 quibua

253 1007 339 1067 velit.

297 1087 347 1148 LI.
361 1087 505 1150 Definitio
520 1086 583 1161 est,
607 1111 696 1172 quum
709 1091 740 1149 in
752 1088 857 1172 scripto
871 1109 945 1151 ver*-

253 1167 325 1227 bum
348 1169 467 1251 aliquod
489 1169 530 1232 est
555 1175 712 1252 positum,
744 1169 824 1248 cujus
850 1170 887 1233 de
910 1172 943 1230 vi

252 1251 412 1329 quaeritur,
433 1251 491 1311 hoc
512 1253 630 1314 modo-2
651 1253 737 1325 Lex,
758 1256 817 1334 Qui
836 1256 866 1312 in
886 1256 944 1311 ad-

253 1329 332 1409 versa
358 1336 505 1412 tempestate
529 1338 622 1394 navim
647 1334 824 1412 reliquerint,
849 1337 941 1393 omnia

253 1413 422 1472 amictuum:
436 1434 524 1472 eorum
538 1416 620 1475 navis
637 1415 663 1472 θ
680 1435 762 1473 onera
772 1413 875 1492 fiunto,
894 1415 946 1494 qui

254 1493 285 1550 in
306 1494 375 1552 navi
394 1492 575 1574 remanserint.
599 1492 671 1553 Duo
690 1493 831 1573 quidam,
852 1514 942 1574 quum

214 1572 219 1580 '
253 1569 314 1650 jam
330 1574 360 1632 in
376 1573 434 1633 alto
451 1575 639 1656 navigarent,
658 1574 689 1634 δι’
706 1593 809 1634 eorum
825 1574 941 1634 alterius

253 1656 367 1726 navis,
398 1655 513 1714 aiterius
541 1676 614 1714 onus
643 1653 740 1728 esset,
771 1653 941 1738 naufragum

255 1734 413 1812 quemdam
429 1751 577 1795 natantem
590 1781 603 1810 2
618 1735 651 1795 &
662 1754 764 1794 manus
777 1734 817 1794 aciv
831 1734 859 1795 se
875 1752 947 1795 ten»

254 1815 374 1874 dentem
410 1815 675 1877 animadverterunt·
705 1836 713 1874 :
746 1814 944 1880 misericordie

253 1897 419 1970 commoti,
439 1898 537 1955 navim
554 1897 591 1956 ad
612 1917 680 1957 eunt
697 1896 943 1978 applicaverunt:

252 1976 404 2038 hominem
417 1977 454 2036 ad
465 1977 496 2039 se
509 1975 687 2039 sustulerunt.

299 2076 364 2140 154.
389 2056 492 2118 Postea
517 2058 692 2140 aliquanti),
717 2057 794 2141 ipsos
821 2079 944 2142 quoque

252 2137 407 2219 tempestas
423 2139 624 2201 vehementius
641 2136 750 2217 jadare
762 2143 872 2220 coepit,
891 2164 945 2201 us·

253 2240 309 2300 que
326 2220 424 2290 adeo,
440 2237 475 2277 ut
488 2219 622 2277 dominus
636 2220 740 2291 navis,
757 2240 846 2298 quum
858 2221 943 2283 idem

253 2300 431 2381 gubernator
446 2294 536 2370 effer,
552 2300 581 2356 in
595 2295 734 2391 scapham·
745 2297 947 2435 confuperet,

255 2381 288 2438 &
312 2378 380 2438 inde
400 2375 552 2451 funiculu,
578 2398 628 2458 qur
649 2397 666 2435 a
688 2377 785 2456 puppi·
801 2396 833 2436 re
846 2381 938 2458 igatus

253 2459 388 2540 scapham
398 2478 541 2518 annexam
551 2456 700 2531 trahebat,
711 2456 826 2530 navim,
839 2459 939 2539 quoad

253 2539 372 2621 posset,
396 2539 619 2600 moderaretur:
640 2537 689 2598 ilie
710 2553 830 2611 autem,
856 2537 938 2619 cujus

253 2640 366 2682 merces
384 2638 485 2693 erant,
505 2623 535 2678 in
572 2620 679 2679 ladium
695 2620 725 2678 in
742 2620 811 2679 navi
826 2618 938 2682 ibidem

252 2702 442 2763 incumberet.
462 2702 520 2760 Hic
536 2642 590 2761 itie-
602 2700 758 2784 naufragus
772 2699 809 2761 ad
828 2702 944 2784 guber--

252 2784 389 2841 naculum
404 2785 543 2856 accessit,
561 2784 593 2842 ὃ(
605 2786 695 2856 navi,
711 2781 809 2863 quoad
821 2787 917 2863 potuit
927 2827 943 2856 ‚.

207 2864 209 2869 ’
255 2860 300 2920 est
313 2862 478 2940 opitulatus.
496 2863 606 2923 Sedatis
625 2881 721 2924 autem
734 2863 886 2933 fluctibus,
904 2863 936 2920 &

256 2939 427 3022 tempestate
444 2939 502 3019 iam
514 2945 692 3003 commutati
705 2989 714 3018 ‚
729 2945 811 3003 navis
826 2945 854 3000 in
870 2963 941 3021 por·

257 3038 321 3084 tum
337 3021 522 3105 provehitur„
540 3022 597 3085 lile
611 3040 708 3085 autem
724 3068 733 3098 ,
747 3023 807 3162 gui
826 3023 855 3080 in
875 3021 944 3104 giaf

798 3123 820 3165 Υ,
