2400 4067
278 503 582 568 RrrnronrcA
612 501 714 568 Lrn.
740 504 797 572 ΙΙ.
846 521 920 595 253

234 615 319 674 etiam
336 634 400 694 quae
415 615 507 695 magis
520 636 605 687 rara,
626 615 658 674 &
675 616 780 674 eximia
795 612 879 689 sunt,
899 615 927 673 si

234 695 271 754 ab
290 715 326 756 eo
340 716 405 754 cum
418 715 526 777 magno
539 695 636 776 aliquo
654 695 779 768 labore,
803 711 851 754 aut
868 714 930 776 pe·

234 776 324 836 riculo
338 821 348 851 ‚
369 792 416 834 aut
428 793 548 857 utraque
561 796 593 836 re
606 822 616 849 ‚
636 797 726 858 quum
738 773 850 836 necesse
863 795 923 835 non

234 855 326 930 effet,
346 855 434 916 officii
447 857 552 931 causi,
572 873 621 916 aut
641 859 670 916 in
689 856 925 938 rempublicam,

235 957 284 998 aut
306 939 336 996 in
357 954 515 1018 parentes,
542 954 590 997 aut
610 941 640 997 in
659 938 697 998 ali
739 959 772 998 os
796 957 928 1012 eorum,

234 1019 284 1160 qssri
305 1018 396 1078 modo
421 1021 545 1159 exfositi
563 1017 649 1092 sunt,
669 1018 698 1078 fa
728 1041 744 1078 a
763 1014 819 1078 esse
834 1018 942 1091 dicet„

270 1100 355 1159 einde
366 1102 388 1158 si
402 1101 460 1158 nihi
486 1097 632 1181 deliquisse
646 1145 655 1173 ,
675 1099 753 1159 nulli
766 1099 926 1180 cupiditate

235 1181 409 1262 impeditum
428 1182 465 1241 ab
484 1178 582 1240 officio
602 1182 768 1241 recessisse:
828 1180 924 1240 odeo

236 1260 431 1322 confirmatius
449 1266 527 1335 erit,
547 1264 594 1335 si,
615 1280 704 1342 quum
721 1201 847 1342 poteffas
865 1264 926 1320 irn-

235 1362 315 1424 pune
334 1342 439 1424 aliquid
451 1343 576 1402 faciendi
592 1340 825 1402 minus·honeste
842 1340 927 1402 fuiffe
967 1392 971 1403 ,

236 1423 348 1483 dicetur
361 1469 371 1494 ,
389 1423 527 1484 voluntas
538 1426 569 1483 ei
578 1421 705 1482 faciendi
714 1419 929 1495 demonstrabi-

235 1520 282 1566 tur
294 1503 425 1565 abfuisse,

282 1585 331 1664 36.
345 1585 412 1646 Hoc
428 1603 526 1646 autern
540 1585 633 1668 ipsum
646 1604 736 1668 genus
757 1584 811 1644 erit
823 1584 861 1644 eb
873 1581 925 1644 fir·

236 1669 333 1740 nius,
354 1670 380 1726 si·
388 1687 425 1727 eo
436 1666 497 1749 ipso
510 1670 539 1726 in
552 1687 680 1751 genere,
698 1687 758 1747 quo
771 1682 927 1748 arguetur,

236 1751 350 1832 integer
362 1766 446 1809 antea
460 1749 538 1808 fuisse
556 1745 817 1810 demonstrabitur:
833 1763 864 1806 ut
880 1749 925 1821 si,

237 1851 328 1911 quum
346 1831 473 1891 avaritiae
489 1831 572 1891 causa
583 1829 676 1890 feciffe
691 1845 846 1910 arguatur,
867 1829 926 1886 mi·

236 1912 315 1970 nime
334 1915 413 1972 omni
434 1915 463 1972 in
480 1913 541 1970 vita
556 1912 687 1993 pecunia
706 1909 825 1991 cupidus
846 1907 930 1969 fuiffe·

237 1989 386 2052 doceatur.
400 1993 456 2052 Hic
467 1993 516 2052 il-la
528 2015 633 2083 magna
647 2013 714 2051 cunr
725 1992 866 2073 gravitate
880 1993 926 2049 in·

237 2070 360 2132 ducetur
381 2074 563 2154 indignatio,
585 2072 682 2151 jun&
702 2070 902 2152 conquestioni
914 2115 930 2144 r

238 2173 292 2233 per
311 2175 398 2233 quam
414 2153 548 2212 miserum
566 2152 677 2212 facinus
690 2152 770 2221 esse,
794 2152 826 2209 &
847 2151 926 2209 indi·

238 2255 329 2315 gnum
342 2231 603 2305 demonstrabitur,
621 2251 710 2312 quum
723 2233 832 2289 animus
844 2233 926 2290 omni

239 2319 270 2374 in
289 2316 349 2370 vita
369 2311 454 2370 fuerit
474 2333 490 2368 a
510 2313 586 2369 vitiis
608 2312 840 2381 remotissimus,
859 2329 925 2368 eam

240 2393 353 2453 causam
374 2407 499 2471 putare,
519 2411 582 2470 quae
600 2390 735 2450 homines
754 2386 876 2447 audaces
894 2391 931 2449 iu

240 2472 373 2532 fraudem
390 2491 491 2552 rapere
507 2469 620 2544 soleat,
645 2467 830 2530 castissimum
848 2489 926 2549 quo-

240 2574 297 2634 que
311 2554 461 2612 hominem
479 2551 515 2610 ad
534 2550 713 2633 peccandum
731 2552 853 2632 potuisse
868 2553 925 2609 im·

239 2635 349 2715 pellere
364 2656 371 2693 :
386 2652 434 2694 aut
445 2637 574 2714 iniquum
588 2632 644 2692 eise
657 2678 670 2705 ,
689 2633 719 2691 &
736 2635 849 2712 optimo
864 2635 925 2692 cui·

239 2736 297 2796 que
312 2719 584 2795 perniciosissimum
597 2760 608 2788 ,
629 2734 689 2772 non
702 2714 791 2772 vitam
805 2711 932 2773 honeste

241 2796 333 2854 aciani
343 2798 392 2855 tali
404 2799 432 2854 in
443 2815 579 2876 tempore
589 2794 678 2876 quiin
692 2794 846 2875 plurimum
857 2812 927 2873 pro-

241 2876 317 2935 defle
325 2897 334 2947 ;
347 2876 394 2935 sed
405 2878 494 2936 subita
504 2897 540 2936 ex
551 2877 767 2945 criminatione,
802 2895 844 2931 uae
856 2893 930 2930 con·

238 2955 309 3037 fingi
327 2955 408 3014 facile
420 2960 532 3038 possit,
554 2977 616 3014 non
635 2957 749 3015 exonte
768 2896 827 3011 aira
842 2955 901 3011 vita
920 2997 931 3025 ‚

238 3060 301 3119 quae
321 3057 416 3118 neque
438 3038 475 3097 ad
495 3055 612 3116 tempus
630 3033 726 3116 fingi,
751 3053 846 3114 neque
866 3032 935 3095 ullo·
