2400 4067
171 425 177 443 ⁸
237 350 311 419 208
362 352 435 419 Dr
460 353 812 423 rnrsurroivr

151 499 153 503 ·
235 465 305 524 dum
328 489 402 528 nunc
422 467 504 528 illurn
525 470 686 548 patiamur,
708 488 810 547 quum
834 463 927 549 praelll

234 545 282 607 lex
292 550 344 621 sit,
357 570 417 608 non
430 571 467 610 ex
479 569 535 621 eo,
548 548 628 629 quod
641 548 837 628 apertissime
850 547 927 628 scrip-

234 641 298 685 tum
312 628 434 704 est‚sed
449 651 484 690 ex
503 650 561 703 eo,
576 628 655 708 quod
671 626 732 687 suae
750 626 848 689 causae
862 650 924 688 con·

235 710 343 784 venit,
364 710 505 791 scriptoris
526 709 710 768 voluntatem
732 709 924 790 interpretari.

236 788 328 867 Quod
347 795 369 849 si
385 813 461 865 vos,
480 790 617 863 ludices,
635 788 750 871 legibus
768 789 925 930 ‘'henli“

235 889 296 928 rare
320 869 453 945 debetis,
475 871 557 932 &id
579 870 673 930 facere
696 890 764 929 non
811 887 863 931 ote
888 873 925 943 ἐ,

235 949 289 1007 nisi
306 952 385 1030 quod
406 951 538 1031 scriptum
556 949 597 1010 est
614 953 643 1008 in
665 949 761 1032 lege·,
783 892 927 1032 liquam

234 1030 285 1099 ni,
302 1032 370 1110 quid
385 1030 471 1091 causae
487 1031 546 1103 est,
565 1033 633 1112 quin
650 1027 736 1089 istum
758 1048 868 1091 contra
884 1031 926 1092 le-

236 1127 304 1189 gem
317 1110 412 1172 fecisse
424 1110 573 1192 judicetis?

278 1210 328 1267 71.
350 1190 556 1274 Affumptionis
585 1186 692 1252 autem'
710 1192 926 1274 approbatione

236 1273 400 1352 praeterita,
419 1274 619 1357 quadripartita
634 1275 672 1331 sic
692 1270 745 1332 fiet
844 1292 925 1335 men-

236 1355 307 1411 tatio
326 1375 333 1412 :
353 1354 415 1435 Qui
430 1353 625 1437 saepenumero
639 1295 875 1492 nosperllllm
888 1353 927 1414 le·

238 1430 372 1495 fellerunt
395 1481 405 1510 ,
426 1457 528 1497 eorum
550 1434 675 1494 orationi
723 1434 802 1494 dem
823 1434 927 1495 habere

239 1534 301 1574 non
319 1516 468 1577 debemus.
488 1515 601 1597 Siquid
618 1517 696 1574 enim
713 1513 845 1595 perfidia
861 1515 928 1575 illo·

240 1615 304 1653 rum
324 1596 486 1657 detrimenti
501 1597 692 1677 acceperimus
707 1638 717 1667 ‚
735 1615 833 1656 nemo
855 1599 929 1668 erit,
969 1656 971 1673 Ι

240 1691 343 1754 praeter
362 1675 573 1757 nosmetipsos,
596 1695 684 1755 quem
705 1672 773 1754 jure
798 1675 929 1736 accusare

241 1759 392 1834 possimus.
406 1755 452 1816 Ac
465 1757 559 1837 primo
574 1755 691 1835 quidem
705 1754 804 1836 decipi
816 1759 929 1816 incom-

242 1836 366 1896 modum
377 1835 418 1897 est
433 1859 440 1896 :
457 1839 578 1909 iterum,
591 1834 706 1895 stultum
724 1856 732 1892 t
747 1838 861 1910 tertio,
874 1854 930 1897 tur·

243 1936 290 1996 pe.
299 1915 544 2001 Carthaginienses
556 1934 652 1976 autem
661 1913 789 1997 persaepe
801 1913 865 1991 iam
878 1936 930 1976 nos

243 1995 415 2058 fefellerunt.
439 1997 558 2058 Summa
582 2001 665 2080 igitur
688 1999 817 2056 amentia
842 1996 929 2063 estin

245 2097 347 2138 eorum
366 2078 424 2139 lide
444 2078 524 2160 spem
541 2079 671 2151 habere,
690 2097 820 2158 quorum
841 2076 930 2160 perfi-

246 2158 293 2220 dit
306 2162 393 2221 toties
406 2161 541 2242 deceptus
557 2163 603 2219 sis.

235 2281 238 2286 -
287 2260 336 2316 72.
358 2242 488 2323 Utrique
520 2239 727 2322 approbatione
756 2240 931 2318 praemi,
962 2265 965 2272 ¹

246 2323 384 2402 tripartita
399 2321 450 2395 fit,
468 2323 523 2380 hoc
547 2321 630 2402 pallo
655 2340 661 2377 :
687 2317 747 2377 Aut
767 2336 930 2381 metuamus

247 2399 492 2483 Carthaginienses
510 2418 647 2481 oportet,
665 2402 686 2457 si
698 2399 865 2460 incolumes
882 2422 933 2460 eos

246 2483 443 2562 reliquerimus
460 2502 468 2552 ;
488 2499 648 2541 aureorum
661 2478 762 2539 urbem
777 2479 933 2540 diruamus.

248 2559 295 2620 Ac
316 2570 443 2621 metuere
463 2562 579 2641 quidem
603 2581 663 2619 non
686 2576 814 2641 oportet.
835 2560 935 2622 Restat

248 2644 352 2725 igitur,
367 2660 399 2701 ut
415 2642 516 2701 urbem
535 2641 687 2701 diruamus.

237 2778 239 2783 .
291 2722 360 2783 XL.
381 2723 453 2783 Sunt
473 2738 568 2782 autem
591 2723 640 2802 qui
662 2723 763 2802 'putant
780 2724 936 2783 nonnume

239 2825 337 2884 quam
353 2802 431 2886 polle
452 2804 655 2884 complexione
676 2804 708 2862 ὃ(
726 2820 866 2882 oportere
892 2802 937 2861 su-

244 2885 413 2968 persederi,
432 2905 520 2966 quum
537 2883 567 2946 id
584 2882 764 2969 perspicuum
781 2885 817 2944 sit
829 2929 844 2958 „
857 2884 942 2965 quod
