<?xml version="1.0" encoding="UTF-8"?>
<!DOCTYPE html PUBLIC "-//W3C//DTD XHTML 1.0 Transitional//EN"
    "http://www.w3.org/TR/xhtml1/DTD/xhtml1-transitional.dtd">
<html xmlns="http://www.w3.org/1999/xhtml" xml:lang="en" lang="en">
 <head>
  <title>
</title>
<meta http-equiv="Content-Type" content="text/html;charset=utf-8" />
  <meta name='ocr-system' content='tesseract 3.04.00' />
  <meta name='ocr-capabilities' content='ocr_page ocr_carea ocr_par ocr_line ocrx_word'/>
</head>
<body>
  <div class='ocr_page' id='page_1' title='image "./mtulliiciceroni01lallgoog_0290.png"; bbox 0 0 2400 4067; ppageno 0'>
   <div class='ocr_carea' id='block_1_1' title="bbox 320 474 950 568">
    <p class='ocr_par' dir='ltr' id='par_1_1' title="bbox 320 474 950 568">
     <span class='ocr_line' id='line_1_1' title="bbox 320 474 950 568; baseline -0.005 -21"><span class='ocrx_word' id='word_1_1' title='bbox 320 494 399 568; x_wconf 87' lang='lat'>272</span> <span class='ocrx_word' id='word_1_2' title='bbox 447 474 521 543; x_wconf 77' lang='lat' dir='ltr'>Da</span> <span class='ocrx_word' id='word_1_3' title='bbox 549 477 887 544; x_wconf 71' lang='lat' dir='ltr'>Iuraurioua</span> <span class='ocrx_word' id='word_1_4' title='bbox 947 489 950 494; x_wconf 86' lang='lat'>·</span> 
     </span>
    </p>
   </div>
   <div class='ocr_carea' id='block_1_2' title="bbox 278 587 1031 3089">
    <p class='ocr_par' dir='ltr' id='par_1_2' title="bbox 321 587 1022 1855">
     <span class='ocr_line' id='line_1_2' title="bbox 364 587 1015 672; baseline 0 -23"><span class='ocrx_word' id='word_1_5' title='bbox 364 590 414 665; x_wconf 91' lang='lat'>67.</span> <span class='ocrx_word' id='word_1_6' title='bbox 436 588 482 649; x_wconf 86' lang='lat' dir='ltr'>Ac</span> <span class='ocrx_word' id='word_1_7' title='bbox 499 610 607 651; x_wconf 85' lang='lat' dir='ltr'>naturae</span> <span class='ocrx_word' id='word_1_8' title='bbox 627 589 744 672; x_wconf 92' lang='lat' dir='ltr'>quidem</span> <span class='ocrx_word' id='word_1_9' title='bbox 760 588 823 669; x_wconf 79' lang='lat' dir='ltr'>jura</span> <span class='ocrx_word' id='word_1_10' title='bbox 840 591 937 649; x_wconf 76' lang='lat' dir='ltr'>minias</span> <span class='ocrx_word' id='word_1_11' title='bbox 955 587 1015 671; x_wconf 82' lang='lat' dir='ltr'>ipsa</span> 
     </span>
     <span class='ocr_line' id='line_1_3' title="bbox 321 670 1015 751; baseline 0 -22"><span class='ocrx_word' id='word_1_12' title='bbox 321 687 485 751; x_wconf 79' lang='lat' dir='ltr'>quaeruntur</span> <span class='ocrx_word' id='word_1_13' title='bbox 504 671 541 731; x_wconf 86' lang='lat' dir='ltr'>ad</span> <span class='ocrx_word' id='word_1_14' title='bbox 560 672 633 730; x_wconf 87' lang='lat' dir='ltr'>hanc</span> <span class='ocrx_word' id='word_1_15' title='bbox 651 672 906 745; x_wconf 77' lang='lat' dir='ltr'>controversiam,</span> <span class='ocrx_word' id='word_1_16' title='bbox 933 670 1015 751; x_wconf 68' lang='lat' dir='ltr'>quod</span> 
     </span>
     <span class='ocr_line' id='line_1_4' title="bbox 321 748 1016 831; baseline 0 -21"><span class='ocrx_word' id='word_1_17' title='bbox 321 770 418 831; x_wconf 85' lang='lat' dir='ltr'>neque</span> <span class='ocrx_word' id='word_1_18' title='bbox 435 753 466 809; x_wconf 89' lang='lat' dir='ltr'>in</span> <span class='ocrx_word' id='word_1_19' title='bbox 484 751 542 810; x_wconf 88' lang='lat' dir='ltr'>hoc</span> <span class='ocrx_word' id='word_1_20' title='bbox 562 751 641 811; x_wconf 81' lang='lat' dir='ltr'>ciuili</span> <span class='ocrx_word' id='word_1_21' title='bbox 660 749 721 831; x_wconf 83' lang='lat' dir='ltr'>jure</span> <span class='ocrx_word' id='word_1_22' title='bbox 742 748 892 812; x_wconf 63' lang='lat' dir='ltr'>uerstnrur</span> <span class='ocrx_word' id='word_1_23' title='bbox 905 761 926 825; x_wconf 88' lang='lat'>,&#39;</span> <span class='ocrx_word' id='word_1_24' title='bbox 939 752 974 811; x_wconf 89' lang='lat'>&amp;</span> <span class='ocrx_word' id='word_1_25' title='bbox 1000 772 1016 810; x_wconf 90' lang='lat' dir='ltr'>a</span> 
     </span>
     <span class='ocr_line' id='line_1_5' title="bbox 322 829 1014 915; baseline -0.003 -23"><span class='ocrx_word' id='word_1_26' title='bbox 322 831 434 915; x_wconf 84' lang='lat' dir='ltr'>vulgari</span> <span class='ocrx_word' id='word_1_27' title='bbox 459 832 648 915; x_wconf 84' lang='lat' dir='ltr'>intelligentia</span> <span class='ocrx_word' id='word_1_28' title='bbox 674 833 834 892; x_wconf 73' lang='lat' dir='ltr'>remotiora</span> <span class='ocrx_word' id='word_1_29' title='bbox 859 829 927 890; x_wconf 84' lang='lat' dir='ltr'>sunt</span> <span class='ocrx_word' id='word_1_30' title='bbox 948 851 957 889; x_wconf 79' lang='lat' dir='ltr'>t</span> <span class='ocrx_word' id='word_1_31' title='bbox 978 830 1014 890; x_wconf 86' lang='lat' dir='ltr'>ad</span> 
     </span>
     <span class='ocr_line' id='line_1_6' title="bbox 323 911 1014 992; baseline 0.001 -21"><span class='ocrx_word' id='word_1_32' title='bbox 323 911 539 971; x_wconf 83' lang='lat' dir='ltr'>similitudinem</span> <span class='ocrx_word' id='word_1_33' title='bbox 556 913 629 973; x_wconf 76' lang='lat' dir='ltr'>vero</span> <span class='ocrx_word' id='word_1_34' title='bbox 649 912 797 992; x_wconf 85' lang='lat' dir='ltr'>aliquam,</span> <span class='ocrx_word' id='word_1_35' title='bbox 822 927 871 971; x_wconf 87' lang='lat' dir='ltr'>aut</span> <span class='ocrx_word' id='word_1_36' title='bbox 892 911 933 971; x_wconf 81' lang='lat' dir='ltr'>ad</span> <span class='ocrx_word' id='word_1_37' title='bbox 951 931 1014 972; x_wconf 85' lang='lat' dir='ltr'>rem</span> 
     </span>
     <span class='ocr_line' id='line_1_7' title="bbox 324 989 1015 1072; baseline 0 -21"><span class='ocrx_word' id='word_1_38' title='bbox 324 989 556 1071; x_wconf 81' lang='lat' dir='ltr'>amplificandam</span> <span class='ocrx_word' id='word_1_39' title='bbox 572 991 650 1072; x_wconf 83' lang='lat' dir='ltr'>saepe</span> <span class='ocrx_word' id='word_1_40' title='bbox 663 991 726 1052; x_wconf 89' lang='lat' dir='ltr'>sunt</span> <span class='ocrx_word' id='word_1_41' title='bbox 741 991 904 1052; x_wconf 80' lang='lat' dir='ltr'>inferenda.</span> <span class='ocrx_word' id='word_1_42' title='bbox 925 990 1015 1052; x_wconf 89' lang='lat' dir='ltr'>Con-</span> 
     </span>
     <span class='ocr_line' id='line_1_8' title="bbox 324 1070 1015 1153; baseline 0.001 -22"><span class='ocrx_word' id='word_1_43' title='bbox 324 1070 477 1131; x_wconf 87' lang='lat' dir='ltr'>suetudinis</span> <span class='ocrx_word' id='word_1_44' title='bbox 491 1090 588 1132; x_wconf 89' lang='lat' dir='ltr'>autem</span> <span class='ocrx_word' id='word_1_45' title='bbox 606 1071 650 1151; x_wconf 83' lang='lat' dir='ltr'>jus</span> <span class='ocrx_word' id='word_1_46' title='bbox 664 1070 719 1133; x_wconf 85' lang='lat' dir='ltr'>esse</span> <span class='ocrx_word' id='word_1_47' title='bbox 733 1087 847 1153; x_wconf 82' lang='lat' dir='ltr'>putatur</span> <span class='ocrx_word' id='word_1_48' title='bbox 859 1071 913 1146; x_wconf 88' lang='lat' dir='ltr'>id,</span> <span class='ocrx_word' id='word_1_49' title='bbox 933 1072 1015 1153; x_wconf 89' lang='lat' dir='ltr'>quod</span> 
     </span>
     <span class='ocr_line' id='line_1_9' title="bbox 323 1150 1015 1235; baseline -0.001 -22"><span class='ocrx_word' id='word_1_50' title='bbox 323 1151 476 1213; x_wconf 79' lang='lat' dir='ltr'>uoluntate</span> <span class='ocrx_word' id='word_1_51' title='bbox 491 1154 622 1211; x_wconf 83' lang='lat' dir='ltr'>omnium</span> <span class='ocrx_word' id='word_1_52' title='bbox 635 1156 697 1213; x_wconf 83' lang='lat' dir='ltr'>sine</span> <span class='ocrx_word' id='word_1_53' title='bbox 710 1154 778 1235; x_wconf 82' lang='lat' dir='ltr'>lege</span> <span class='ocrx_word' id='word_1_54' title='bbox 788 1150 916 1213; x_wconf 85' lang='lat' dir='ltr'>vetustas</span> <span class='ocrx_word' id='word_1_55' title='bbox 930 1173 1015 1212; x_wconf 85' lang='lat' dir='ltr'>com-</span> 
     </span>
     <span class='ocr_line' id='line_1_10' title="bbox 324 1231 1014 1315; baseline 0.006 -26"><span class='ocrx_word' id='word_1_56' title='bbox 324 1231 454 1312; x_wconf 88' lang='lat' dir='ltr'>probarit</span> <span class='ocrx_word' id='word_1_57' title='bbox 473 1234 530 1291; x_wconf 86' lang='lat' dir='ltr'>:in</span> <span class='ocrx_word' id='word_1_58' title='bbox 547 1253 582 1293; x_wconf 88' lang='lat' dir='ltr'>ea</span> <span class='ocrx_word' id='word_1_59' title='bbox 602 1250 699 1293; x_wconf 87' lang='lat' dir='ltr'>autem</span> <span class='ocrx_word' id='word_1_60' title='bbox 718 1231 781 1315; x_wconf 81' lang='lat' dir='ltr'>jura</span> <span class='ocrx_word' id='word_1_61' title='bbox 797 1232 860 1292; x_wconf 89' lang='lat' dir='ltr'>sunt</span> <span class='ocrx_word' id='word_1_62' title='bbox 880 1233 1014 1315; x_wconf 76' lang='lat' dir='ltr'>quaedam</span> 
     </span>
     <span class='ocr_line' id='line_1_11' title="bbox 325 1310 1013 1453; baseline 0.004 -82"><span class='ocrx_word' id='word_1_63' title='bbox 325 1311 385 1392; x_wconf 84' lang='lat' dir='ltr'>ipsa</span> <span class='ocrx_word' id='word_1_64' title='bbox 404 1310 466 1391; x_wconf 68' lang='lat' dir='ltr'>jam</span> <span class='ocrx_word' id='word_1_65' title='bbox 488 1332 565 1373; x_wconf 88' lang='lat' dir='ltr'>certa</span> <span class='ocrx_word' id='word_1_66' title='bbox 583 1331 702 1453; x_wconf 60' lang='lat' dir='ltr'>proqater</span> <span class='ocrx_word' id='word_1_67' title='bbox 720 1311 898 1374; x_wconf 77' lang='lat' dir='ltr'>uetustatem</span> <span class='ocrx_word' id='word_1_68' title='bbox 920 1334 928 1373; x_wconf 78' lang='grc' dir='ltr'><strong>ε</strong></span> <span class='ocrx_word' id='word_1_69' title='bbox 954 1335 1013 1395; x_wconf 86' lang='lat' dir='ltr'>quo</span> 
     </span>
     <span class='ocr_line' id='line_1_12' title="bbox 325 1394 1015 1473; baseline 0.004 -22"><span class='ocrx_word' id='word_1_70' title='bbox 325 1394 357 1451; x_wconf 91' lang='lat' dir='ltr'>in</span> <span class='ocrx_word' id='word_1_71' title='bbox 376 1413 486 1473; x_wconf 80' lang='lat' dir='ltr'>genere</span> <span class='ocrx_word' id='word_1_72' title='bbox 504 1395 539 1453; x_wconf 85' lang='lat'>&amp;</span> <span class='ocrx_word' id='word_1_73' title='bbox 557 1394 612 1453; x_wconf 82' lang='lat' dir='ltr'>alia</span> <span class='ocrx_word' id='word_1_74' title='bbox 646 1411 698 1453; x_wconf 87' lang='lat' dir='ltr'>unt</span> <span class='ocrx_word' id='word_1_75' title='bbox 718 1394 835 1468; x_wconf 87' lang='lat' dir='ltr'>multa,</span> <span class='ocrx_word' id='word_1_76' title='bbox 858 1395 894 1453; x_wconf 71' lang='grc' dir='ltr'>δε</span> <span class='ocrx_word' id='word_1_77' title='bbox 911 1414 1015 1455; x_wconf 91' lang='lat' dir='ltr'>eorum</span> 
     </span>
     <span class='ocr_line' id='line_1_13' title="bbox 327 1474 1018 1555; baseline 0.003 -21"><span class='ocrx_word' id='word_1_78' title='bbox 327 1474 420 1534; x_wconf 77' lang='lat' dir='ltr'>multo</span> <span class='ocrx_word' id='word_1_79' title='bbox 442 1476 567 1534; x_wconf 76' lang='lat' dir='ltr'>murima</span> <span class='ocrx_word' id='word_1_80' title='bbox 588 1495 674 1555; x_wconf 88' lang='lat' dir='ltr'>pars,</span> <span class='ocrx_word' id='word_1_81' title='bbox 698 1496 762 1555; x_wconf 86' lang='lat' dir='ltr'>quae</span> <span class='ocrx_word' id='word_1_82' title='bbox 786 1484 928 1554; x_wconf 80' lang='lat' dir='ltr'>praetores</span> <span class='ocrx_word' id='word_1_83' title='bbox 944 1474 1018 1536; x_wconf 82' lang='lat' dir='ltr'>edi·</span> 
     </span>
     <span class='ocr_line' id='line_1_14' title="bbox 329 1553 1019 1640; baseline 0.006 -28"><span class='ocrx_word' id='word_1_84' title='bbox 329 1574 394 1614; x_wconf 85' lang='lat' dir='ltr'>cere</span> <span class='ocrx_word' id='word_1_85' title='bbox 418 1554 636 1616; x_wconf 87' lang='lat' dir='ltr'>consueverunt.</span> <span class='ocrx_word' id='word_1_86' title='bbox 664 1553 817 1634; x_wconf 83' lang='lat' dir='ltr'>Quaedam&#39;</span> <span class='ocrx_word' id='word_1_87' title='bbox 835 1570 935 1615; x_wconf 79' lang='lat' dir='ltr'>autem</span> <span class='ocrx_word' id='word_1_88' title='bbox 962 1576 1019 1640; x_wconf 62' lang='lat' dir='ltr'>ge*</span> 
     </span>
     <span class='ocr_line' id='line_1_15' title="bbox 329 1632 1018 1715; baseline 0.006 -22"><span class='ocrx_word' id='word_1_89' title='bbox 329 1654 399 1693; x_wconf 87' lang='lat' dir='ltr'>nera</span> <span class='ocrx_word' id='word_1_90' title='bbox 415 1632 505 1713; x_wconf 84' lang='lat' dir='ltr'>juris,</span> <span class='ocrx_word' id='word_1_91' title='bbox 524 1634 583 1715; x_wconf 77' lang='lat' dir='ltr'>jam</span> <span class='ocrx_word' id='word_1_92' title='bbox 601 1651 699 1709; x_wconf 81' lang='lat' dir='ltr'>certa,</span> <span class='ocrx_word' id='word_1_93' title='bbox 717 1632 924 1695; x_wconf 79' lang='lat' dir='ltr'>consuetudine</span> <span class='ocrx_word' id='word_1_94' title='bbox 942 1634 1018 1697; x_wconf 65' lang='lat' dir='ltr'>falla</span> 
     </span>
     <span class='ocr_line' id='line_1_16' title="bbox 329 1712 1022 1799; baseline 0.006 -26"><span class='ocrx_word' id='word_1_95' title='bbox 329 1713 404 1774; x_wconf 88' lang='lat' dir='ltr'>sunt.</span> <span class='ocrx_word' id='word_1_96' title='bbox 425 1715 518 1795; x_wconf 84' lang='lat' dir='ltr'>Quod</span> <span class='ocrx_word' id='word_1_97' title='bbox 535 1737 645 1799; x_wconf 82' lang='lat' dir='ltr'>genus,</span> <span class='ocrx_word' id='word_1_98' title='bbox 663 1715 798 1799; x_wconf 68' lang='lat' dir='ltr'>pallum,</span> <span class='ocrx_word' id='word_1_99' title='bbox 814 1736 890 1798; x_wconf 84' lang='lat' dir='ltr'>par,</span> <span class='ocrx_word' id='word_1_100' title='bbox 904 1712 1022 1797; x_wconf 76' lang='lat' dir='ltr'>judica·</span> 
     </span>
     <span class='ocr_line' id='line_1_17' title="bbox 331 1812 1015 1855; baseline 0 0"><span class='ocrx_word' id='word_1_101' title='bbox 331 1812 405 1855; x_wconf 74' lang='lat' dir='ltr'>tuln.</span> <span class='ocrx_word' id='word_1_102' title='bbox 1010 1823 1015 1830; x_wconf 95' lang='grc'><strong>’</strong></span> 
     </span>
    </p>

    <p class='ocr_par' dir='ltr' id='par_1_3' title="bbox 331 1874 1025 2523">
     <span class='ocr_line' id='line_1_18' title="bbox 372 1874 1021 1959; baseline 0.006 -24"><span class='ocrx_word' id='word_1_103' title='bbox 372 1876 423 1936; x_wconf 89' lang='lat'>68.</span> <span class='ocrx_word' id='word_1_104' title='bbox 438 1874 554 1935; x_wconf 65' lang='lat' dir='ltr'>Pallum</span> <span class='ocrx_word' id='word_1_105' title='bbox 568 1875 628 1950; x_wconf 83' lang='lat' dir='ltr'>est,</span> <span class='ocrx_word' id='word_1_106' title='bbox 642 1876 722 1957; x_wconf 93' lang='lat' dir='ltr'>quod</span> <span class='ocrx_word' id='word_1_107' title='bbox 735 1879 808 1937; x_wconf 84' lang='lat' dir='ltr'>inter</span> <span class='ocrx_word' id='word_1_108' title='bbox 821 1876 934 1959; x_wconf 82' lang='lat' dir='ltr'>al1quos</span> <span class='ocrx_word' id='word_1_109' title='bbox 948 1897 1021 1939; x_wconf 82' lang='lat' dir='ltr'>con·</span> 
     </span>
     <span class='ocr_line' id='line_1_19' title="bbox 332 1955 1020 2038; baseline 0.003 -21"><span class='ocrx_word' id='word_1_110' title='bbox 332 1960 437 2028; x_wconf 85' lang='lat' dir='ltr'>venit,</span> <span class='ocrx_word' id='word_1_111' title='bbox 501 1955 541 2015; x_wconf 91' lang='lat' dir='ltr'>od</span> <span class='ocrx_word' id='word_1_112' title='bbox 563 1955 623 2034; x_wconf 79' lang='lat' dir='ltr'>jam</span> <span class='ocrx_word' id='word_1_113' title='bbox 643 1959 682 2017; x_wconf 87' lang='lat' dir='ltr'>ita</span> <span class='ocrx_word' id='word_1_114' title='bbox 703 1956 805 2037; x_wconf 76' lang='lat' dir='ltr'>justum</span> <span class='ocrx_word' id='word_1_115' title='bbox 825 1973 967 2038; x_wconf 85' lang='lat' dir='ltr'>putatur,</span> <span class='ocrx_word' id='word_1_116' title='bbox 989 1973 1020 2020; x_wconf 86' lang='lat' dir='ltr'>ut</span> 
     </span>
     <span class='ocr_line' id='line_1_20' title="bbox 331 1978 1021 2120; baseline 0.006 -24"><span class='ocrx_word' id='word_1_117' title='bbox 331 2035 386 2116; x_wconf 68' lang='lat' dir='ltr'>juri</span> <span class='ocrx_word' id='word_1_118' title='bbox 402 1978 533 2118; x_wconf 40' lang='lat' dir='ltr'>praxim</span> <span class='ocrx_word' id='word_1_119' title='bbox 549 2037 667 2098; x_wconf 82' lang='lat' dir='ltr'>dicatur.</span> <span class='ocrx_word' id='word_1_120' title='bbox 684 2038 759 2113; x_wconf 86' lang='lat' dir='ltr'>Par,</span> <span class='ocrx_word' id='word_1_121' title='bbox 772 2038 852 2120; x_wconf 91' lang='lat' dir='ltr'>quod</span> <span class='ocrx_word' id='word_1_122' title='bbox 867 2040 901 2100; x_wconf 88' lang='lat' dir='ltr'>in</span> <span class='ocrx_word' id='word_1_123' title='bbox 916 2059 1021 2100; x_wconf 70' lang='lat' dir='ltr'>omnes</span> 
     </span>
     <span class='ocr_line' id='line_1_21' title="bbox 333 2115 1020 2200; baseline 0.006 -23"><span class='ocrx_word' id='word_1_124' title='bbox 333 2117 472 2200; x_wconf 85' lang='lat' dir='ltr'>aequabile</span> <span class='ocrx_word' id='word_1_125' title='bbox 486 2115 535 2177; x_wconf 86' lang='lat' dir='ltr'>est.</span> <span class='ocrx_word' id='word_1_126' title='bbox 555 2118 569 2180; x_wconf 88' lang='lat' dir='ltr'>J</span> <span class='ocrx_word' id='word_1_127' title='bbox 573 2119 716 2178; x_wconf 85' lang='lat' dir='ltr'>udicatum</span> <span class='ocrx_word' id='word_1_128' title='bbox 728 2164 737 2193; x_wconf 88' lang='lat'><strong>‚</strong></span> <span class='ocrx_word' id='word_1_129' title='bbox 755 2119 791 2179; x_wconf 90' lang='lat' dir='ltr'>de</span> <span class='ocrx_word' id='word_1_130' title='bbox 804 2139 864 2200; x_wconf 91' lang='lat' dir='ltr'>quo</span> <span class='ocrx_word' id='word_1_131' title='bbox 877 2117 939 2199; x_wconf 81' lang='lat' dir='ltr'>jam</span> <span class='ocrx_word' id='word_1_132' title='bbox 954 2121 1020 2181; x_wconf 62' lang='lat' dir='ltr'>anri</span> 
     </span>
     <span class='ocr_line' id='line_1_22' title="bbox 332 2197 1022 2281; baseline 0.003 -22"><span class='ocrx_word' id='word_1_133' title='bbox 332 2198 472 2261; x_wconf 73' lang='lat' dir='ltr'>sententia</span> <span class='ocrx_word' id='word_1_134' title='bbox 492 2197 633 2278; x_wconf 79' lang='lat' dir='ltr'>alicujus,</span> <span class='ocrx_word' id='word_1_135' title='bbox 661 2216 710 2259; x_wconf 87' lang='lat' dir='ltr'>aut</span> <span class='ocrx_word' id='word_1_136' title='bbox 729 2200 890 2281; x_wconf 88' lang='lat' dir='ltr'>aliquorum</span> <span class='ocrx_word' id='word_1_137' title='bbox 913 2199 1022 2261; x_wconf 75' lang='lat' dir='ltr'>consti-</span> 
     </span>
     <span class='ocr_line' id='line_1_23' title="bbox 334 2277 1023 2367; baseline 0.003 -27"><span class='ocrx_word' id='word_1_138' title='bbox 334 2298 429 2340; x_wconf 85' lang='lat' dir='ltr'>tutum</span> <span class='ocrx_word' id='word_1_139' title='bbox 452 2277 502 2340; x_wconf 87' lang='lat' dir='ltr'>est.</span> <span class='ocrx_word' id='word_1_140' title='bbox 529 2279 593 2341; x_wconf 91' lang='lat' dir='ltr'>Jam</span> <span class='ocrx_word' id='word_1_141' title='bbox 617 2277 678 2358; x_wconf 81' lang='lat' dir='ltr'>jura</span> <span class='ocrx_word' id='word_1_142' title='bbox 703 2281 829 2363; x_wconf 84' lang='lat' dir='ltr'>legitima</span> <span class='ocrx_word' id='word_1_143' title='bbox 851 2300 889 2341; x_wconf 85' lang='lat' dir='ltr'>ex</span> <span class='ocrx_word' id='word_1_144' title='bbox 912 2282 1023 2367; x_wconf 80' lang='lat' dir='ltr'>legibus</span> 
     </span>
     <span class='ocr_line' id='line_1_24' title="bbox 336 2360 1025 2444; baseline 0.01 -25"><span class='ocrx_word' id='word_1_145' title='bbox 336 2360 470 2444; x_wconf 86' lang='lat' dir='ltr'>cognosci</span> <span class='ocrx_word' id='word_1_146' title='bbox 490 2361 646 2441; x_wconf 82' lang='lat' dir='ltr'>oportebit.</span> <span class='ocrx_word' id='word_1_147' title='bbox 674 2362 726 2420; x_wconf 89' lang='lat' dir='ltr'>His</span> <span class='ocrx_word' id='word_1_148' title='bbox 744 2382 813 2444; x_wconf 80' lang='lat' dir='ltr'>ergo</span> <span class='ocrx_word' id='word_1_149' title='bbox 838 2381 875 2421; x_wconf 78' lang='lat' dir='ltr'>ex</span> <span class='ocrx_word' id='word_1_150' title='bbox 894 2363 1025 2442; x_wconf 72' lang='lat' dir='ltr'>partibus</span> 
     </span>
     <span class='ocr_line' id='line_1_25' title="bbox 335 2439 1024 2523; baseline 0.003 -22"><span class='ocrx_word' id='word_1_151' title='bbox 335 2439 428 2520; x_wconf 78' lang='lat' dir='ltr'>juris,</span> <span class='ocrx_word' id='word_1_152' title='bbox 447 2442 586 2523; x_wconf 84' lang='lat' dir='ltr'>quidquid</span> <span class='ocrx_word' id='word_1_153' title='bbox 604 2458 651 2501; x_wconf 84' lang='lat' dir='ltr'>aut</span> <span class='ocrx_word' id='word_1_154' title='bbox 667 2452 702 2503; x_wconf 85' lang='lat' dir='ltr'>ex</span> <span class='ocrx_word' id='word_1_155' title='bbox 718 2440 776 2523; x_wconf 85' lang='lat' dir='ltr'>ipsa</span> <span class='ocrx_word' id='word_1_156' title='bbox 792 2461 844 2515; x_wconf 86' lang='lat' dir='ltr'>re,</span> <span class='ocrx_word' id='word_1_157' title='bbox 865 2458 916 2501; x_wconf 89' lang='lat' dir='ltr'>aut</span> <span class='ocrx_word' id='word_1_158' title='bbox 931 2463 970 2503; x_wconf 89' lang='lat' dir='ltr'>ex</span> <span class='ocrx_word' id='word_1_159' title='bbox 987 2446 1024 2503; x_wconf 88' lang='lat' dir='ltr'>si·</span> 
     </span>
    </p>

    <p class='ocr_par' dir='ltr' id='par_1_4' title="bbox 336 2521 1025 2597">
     <span class='ocr_line' id='line_1_26' title="bbox 336 2521 1025 2597; baseline 0.007 -16"><span class='ocrx_word' id='word_1_160' title='bbox 336 2522 419 2595; x_wconf 86' lang='lat' dir='ltr'>mili,</span> <span class='ocrx_word' id='word_1_161' title='bbox 434 2538 482 2581; x_wconf 89' lang='lat' dir='ltr'>aut</span> <span class='ocrx_word' id='word_1_162' title='bbox 498 2542 534 2582; x_wconf 88' lang='lat' dir='ltr'>ex</span> <span class='ocrx_word' id='word_1_163' title='bbox 546 2521 678 2597; x_wconf 72' lang='lat' dir='ltr'>maiore,</span> <span class='ocrx_word' id='word_1_164' title='bbox 694 2526 866 2594; x_wconf 86' lang='lat' dir='ltr'>minoreve,</span> <span class='ocrx_word' id='word_1_165' title='bbox 885 2522 964 2582; x_wconf 83' lang='lat' dir='ltr'>nasci</span> <span class='ocrx_word' id='word_1_166' title='bbox 978 2527 1025 2586; x_wconf 84' lang='lat' dir='ltr'>vi·</span> 
     </span>
    </p>

    <p class='ocr_par' dir='ltr' id='par_1_5' title="bbox 278 2601 1031 3089">
     <span class='ocr_line' id='line_1_27' title="bbox 338 2601 1023 2683; baseline 0.01 -25"><span class='ocrx_word' id='word_1_167' title='bbox 338 2601 471 2672; x_wconf 83' lang='lat' dir='ltr'>debitur,</span> <span class='ocrx_word' id='word_1_168' title='bbox 490 2602 658 2674; x_wconf 86' lang='lat' dir='ltr'>attendere,</span> <span class='ocrx_word' id='word_1_169' title='bbox 677 2620 762 2683; x_wconf 85' lang='lat' dir='ltr'>atque</span> <span class='ocrx_word' id='word_1_170' title='bbox 779 2604 885 2663; x_wconf 84' lang='lat' dir='ltr'>elicere</span> <span class='ocrx_word' id='word_1_171' title='bbox 903 2618 1023 2683; x_wconf 81' lang='lat' dir='ltr'>perten-</span> 
     </span>
     <span class='ocr_line' id='line_1_28' title="bbox 278 2680 1031 2766; baseline 0.011 -28"><span class='ocrx_word' id='word_1_172' title='bbox 278 2698 282 2707; x_wconf 88' lang='lat'>·</span> <span class='ocrx_word' id='word_1_173' title='bbox 336 2680 427 2739; x_wconf 84' lang='lat' dir='ltr'>tando</span> <span class='ocrx_word' id='word_1_174' title='bbox 444 2701 676 2762; x_wconf 85' lang='lat' dir='ltr'>unamquamque</span> <span class='ocrx_word' id='word_1_175' title='bbox 691 2687 804 2762; x_wconf 83' lang='lat' dir='ltr'>partem</span> <span class='ocrx_word' id='word_1_176' title='bbox 818 2681 888 2762; x_wconf 78' lang='lat' dir='ltr'>juris</span> <span class='ocrx_word' id='word_1_177' title='bbox 902 2701 1031 2766; x_wconf 88' lang='lat' dir='ltr'>oporte·-</span> 
     </span>
     <span class='ocr_line' id='line_1_29' title="bbox 337 2760 1025 2850; baseline 0.01 -32"><span class='ocrx_word' id='word_1_178' title='bbox 337 2760 387 2819; x_wconf 85' lang='lat' dir='ltr'>bit.</span> <span class='ocrx_word' id='word_1_179' title='bbox 413 2760 558 2821; x_wconf 87' lang='lat' dir='ltr'>Locorum</span> <span class='ocrx_word' id='word_1_180' title='bbox 578 2779 674 2821; x_wconf 89' lang='lat' dir='ltr'>autem</span> <span class='ocrx_word' id='word_1_181' title='bbox 696 2765 920 2837; x_wconf 87' lang='lat' dir='ltr'>communium,</span> <span class='ocrx_word' id='word_1_182' title='bbox 944 2785 1025 2850; x_wconf 88' lang='lat' dir='ltr'>quo-</span> 
     </span>
     <span class='ocr_line' id='line_1_30' title="bbox 338 2839 1030 2928; baseline 0.01 -29"><span class='ocrx_word' id='word_1_183' title='bbox 338 2842 416 2899; x_wconf 85' lang='lat' dir='ltr'>niam</span> <span class='ocrx_word' id='word_1_184' title='bbox 439 2839 496 2921; x_wconf 83' lang='lat' dir='ltr'>(ut</span> <span class='ocrx_word' id='word_1_185' title='bbox 515 2843 579 2901; x_wconf 69' lang='lat' dir='ltr'>ante</span> <span class='ocrx_word' id='word_1_186' title='bbox 596 2840 703 2901; x_wconf 60' lang='lat' dir='ltr'>dicium</span> <span class='ocrx_word' id='word_1_187' title='bbox 722 2841 789 2914; x_wconf 89' lang='lat' dir='ltr'>est)</span> <span class='ocrx_word' id='word_1_188' title='bbox 809 2843 867 2901; x_wconf 88' lang='lat' dir='ltr'>duo</span> <span class='ocrx_word' id='word_1_189' title='bbox 887 2843 954 2903; x_wconf 78' lang='lat' dir='ltr'>sunt</span> <span class='ocrx_word' id='word_1_190' title='bbox 971 2866 1030 2928; x_wconf 82' lang='lat' dir='ltr'>ge-</span> 
     </span>
     <span class='ocr_line' id='line_1_31' title="bbox 339 2921 1030 3008; baseline 0.01 -29"><span class='ocrx_word' id='word_1_191' title='bbox 339 2942 429 2994; x_wconf 85' lang='lat' dir='ltr'>nera,</span> <span class='ocrx_word' id='word_1_192' title='bbox 443 2943 566 3002; x_wconf 86' lang='lat' dir='ltr'>quorum</span> <span class='ocrx_word' id='word_1_193' title='bbox 582 2921 702 2981; x_wconf 88' lang='lat' dir='ltr'>alterum</span> <span class='ocrx_word' id='word_1_194' title='bbox 719 2924 810 3008; x_wconf 67' lang='lat' dir='ltr'>dubiae</span> <span class='ocrx_word' id='word_1_195' title='bbox 824 2927 886 2997; x_wconf 88' lang='lat' dir='ltr'>rei,</span> <span class='ocrx_word' id='word_1_196' title='bbox 904 2925 1030 2986; x_wconf 88' lang='lat' dir='ltr'>alterum</span> 
     </span>
     <span class='ocr_line' id='line_1_32' title="bbox 341 3002 1031 3089; baseline 0.012 -29"><span class='ocrx_word' id='word_1_197' title='bbox 341 3018 423 3061; x_wconf 80' lang='lat' dir='ltr'>certae</span> <span class='ocrx_word' id='word_1_198' title='bbox 440 3004 568 3063; x_wconf 85' lang='lat' dir='ltr'>continet</span> <span class='ocrx_word' id='word_1_199' title='bbox 585 3002 840 3087; x_wconf 81' lang='lat' dir='ltr'>amplificationem</span> <span class='ocrx_word' id='word_1_200' title='bbox 855 3049 865 3080; x_wconf 88' lang='lat'>,</span> <span class='ocrx_word' id='word_1_201' title='bbox 882 3006 954 3088; x_wconf 87' lang='lat' dir='ltr'>quid</span> <span class='ocrx_word' id='word_1_202' title='bbox 972 3005 1031 3089; x_wconf 79' lang='lat' dir='ltr'>ipsa</span> 
     </span>
    </p>
   </div>
   <div class='ocr_carea' id='block_1_3' title="bbox 0 0 1232 4067">
    <p class='ocr_par' dir='ltr' id='par_1_6' title="bbox 0 0 1232 4067">
     <span class='ocr_line' id='line_1_33' title="bbox 0 0 1232 4067; baseline 0 0"><span class='ocrx_word' id='word_1_203' title='bbox 0 0 1232 4067; x_wconf 95' lang='lat' dir='ltr'> </span> 
     </span>
    </p>
   </div>
  </div>
 </body>
</html>
