<?xml version="1.0" encoding="UTF-8"?>
<!DOCTYPE html PUBLIC "-//W3C//DTD XHTML 1.0 Transitional//EN"
    "http://www.w3.org/TR/xhtml1/DTD/xhtml1-transitional.dtd">
<html xmlns="http://www.w3.org/1999/xhtml" xml:lang="en" lang="en">
 <head>
  <title>
</title>
<meta http-equiv="Content-Type" content="text/html;charset=utf-8" />
  <meta name='ocr-system' content='tesseract 3.04.00' />
  <meta name='ocr-capabilities' content='ocr_page ocr_carea ocr_par ocr_line ocrx_word'/>
</head>
<body>
  <div class='ocr_page' id='page_1' title='image "./mtulliiciceroni01lallgoog_0518.png"; bbox 0 0 2400 4067; ppageno 0'>
   <div class='ocr_carea' id='block_1_1' title="bbox 321 445 1030 3082">
    <p class='ocr_par' dir='ltr' id='par_1_1' title="bbox 321 445 1030 3082">
     <span class='ocr_line' id='line_1_1' title="bbox 323 445 823 545; baseline 0.002 -25"><span class='ocrx_word' id='word_1_1' title='bbox 323 447 405 545; x_wconf 64' lang='lat' dir='ltr'>5ffi</span> <span class='ocrx_word' id='word_1_2' title='bbox 520 445 823 521; x_wconf 67' lang='lat' dir='ltr'>onanon</span> 
     </span>
     <span class='ocr_line' id='line_1_2' title="bbox 322 564 1017 648; baseline 0.001 -21"><span class='ocrx_word' id='word_1_3' title='bbox 322 568 399 642; x_wconf 84' lang='lat' dir='ltr'>tior,</span> <span class='ocrx_word' id='word_1_4' title='bbox 416 566 479 648; x_wconf 85' lang='lat' dir='ltr'>quis</span> <span class='ocrx_word' id='word_1_5' title='bbox 489 567 519 627; x_wconf 92' lang='lat' dir='ltr'>in</span> <span class='ocrx_word' id='word_1_6' title='bbox 530 566 617 629; x_wconf 86' lang='lat' dir='ltr'>rebus</span> <span class='ocrx_word' id='word_1_7' title='bbox 628 564 679 625; x_wconf 87' lang='lat' dir='ltr'>vel</span> <span class='ocrx_word' id='word_1_8' title='bbox 692 564 896 640; x_wconf 82' lang='lat' dir='ltr'>inveniendis,</span> <span class='ocrx_word' id='word_1_9' title='bbox 908 565 959 628; x_wconf 81' lang='lat' dir='ltr'>vel</span> <span class='ocrx_word' id='word_1_10' title='bbox 968 564 1017 647; x_wconf 68' lang='lat' dir='ltr'>ju·-</span> 
     </span>
     <span class='ocr_line' id='line_1_3' title="bbox 321 643 1016 729; baseline 0.003 -21"><span class='ocrx_word' id='word_1_11' title='bbox 321 645 451 709; x_wconf 83' lang='lat' dir='ltr'>dicandis</span> <span class='ocrx_word' id='word_1_12' title='bbox 462 652 554 708; x_wconf 85' lang='lat' dir='ltr'>acrior</span> <span class='ocrx_word' id='word_1_13' title='bbox 565 643 724 708; x_wconf 86' lang='lat' dir='ltr'>Aristotele</span> <span class='ocrx_word' id='word_1_14' title='bbox 742 646 818 707; x_wconf 85' lang='lat' dir='ltr'>fuit?</span> <span class='ocrx_word' id='word_1_15' title='bbox 863 650 907 708; x_wconf 89' lang='lat' dir='ltr'>uis</span> <span class='ocrx_word' id='word_1_16' title='bbox 925 670 1016 729; x_wconf 85' lang='lat' dir='ltr'>porto</span> 
     </span>
     <span class='ocr_line' id='line_1_4' title="bbox 323 725 1015 811; baseline 0.001 -21"><span class='ocrx_word' id='word_1_17' title='bbox 323 725 443 790; x_wconf 81' lang='lat' dir='ltr'>Isocrati</span> <span class='ocrx_word' id='word_1_18' title='bbox 460 727 501 790; x_wconf 88' lang='lat' dir='ltr'>est</span> <span class='ocrx_word' id='word_1_19' title='bbox 511 727 675 789; x_wconf 79' lang='lat' dir='ltr'>adversatus</span> <span class='ocrx_word' id='word_1_20' title='bbox 689 730 867 809; x_wconf 82' lang='lat' dir='ltr'>impensius.</span> <span class='ocrx_word' id='word_1_21' title='bbox 892 727 921 788; x_wconf 87' lang='lat' dir='ltr'>ls</span> <span class='ocrx_word' id='word_1_22' title='bbox 931 732 1015 811; x_wconf 85' lang='lat' dir='ltr'>igitur</span> 
     </span>
     <span class='ocr_line' id='line_1_5' title="bbox 323 806 1018 882; baseline 0 -11"><span class='ocrx_word' id='word_1_23' title='bbox 323 808 441 871; x_wconf 82' lang='lat' dir='ltr'>versum</span> <span class='ocrx_word' id='word_1_24' title='bbox 459 811 489 869; x_wconf 90' lang='lat' dir='ltr'>in</span> <span class='ocrx_word' id='word_1_25' title='bbox 510 812 644 870; x_wconf 85' lang='lat' dir='ltr'>oratione</span> <span class='ocrx_word' id='word_1_26' title='bbox 663 826 746 869; x_wconf 87' lang='lat' dir='ltr'>vetat</span> <span class='ocrx_word' id='word_1_27' title='bbox 762 806 841 882; x_wconf 79' lang='lat' dir='ltr'>effe,</span> <span class='ocrx_word' id='word_1_28' title='bbox 862 830 1018 871; x_wconf 83' lang='lat' dir='ltr'>numerum</span> 
     </span>
     <span class='ocr_line' id='line_1_6' title="bbox 323 886 1016 972; baseline 0.003 -22"><span class='ocrx_word' id='word_1_29' title='bbox 323 886 422 972; x_wconf 54' lang='lat' dir='ltr'>hbet..</span> <span class='ocrx_word' id='word_1_30' title='bbox 448 888 518 969; x_wconf 75' lang='lat' dir='ltr'>Ejus</span> <span class='ocrx_word' id='word_1_31' title='bbox 528 887 861 963; x_wconf 69' lang='lat' dir='ltr'>auditorTheodectes‚</span> <span class='ocrx_word' id='word_1_32' title='bbox 876 893 906 949; x_wconf 91' lang='lat' dir='ltr'>in</span> <span class='ocrx_word' id='word_1_33' title='bbox 919 894 1016 972; x_wconf 82' lang='lat' dir='ltr'>primis</span> 
     </span>
     <span class='ocr_line' id='line_1_7' title="bbox 326 968 1017 1054; baseline 0.001 -23"><span class='ocrx_word' id='word_1_34' title='bbox 326 968 374 1052; x_wconf 83' lang='lat' dir='ltr'>(ut</span> <span class='ocrx_word' id='word_1_35' title='bbox 384 968 555 1032; x_wconf 79' lang='lat' dir='ltr'>Aristoteles</span> <span class='ocrx_word' id='word_1_36' title='bbox 564 968 800 1052; x_wconf 82' lang='lat' dir='ltr'>saepe·significat)</span> <span class='ocrx_word' id='word_1_37' title='bbox 813 971 925 1052; x_wconf 86' lang='lat' dir='ltr'>politus</span> <span class='ocrx_word' id='word_1_38' title='bbox 934 971 1017 1054; x_wconf 82' lang='lat' dir='ltr'>scrip·</span> 
     </span>
     <span class='ocr_line' id='line_1_8' title="bbox 323 1050 1012 1133; baseline 0.004 -22"><span class='ocrx_word' id='word_1_39' title='bbox 323 1067 394 1126; x_wconf 85' lang='lat' dir='ltr'>nor,</span> <span class='ocrx_word' id='word_1_40' title='bbox 413 1070 500 1133; x_wconf 88' lang='lat' dir='ltr'>atque</span> <span class='ocrx_word' id='word_1_41' title='bbox 518 1051 645 1124; x_wconf 76' lang='lat' dir='ltr'>artifex,</span> <span class='ocrx_word' id='word_1_42' title='bbox 660 1051 717 1111; x_wconf 93' lang='lat' dir='ltr'>hoc</span> <span class='ocrx_word' id='word_1_43' title='bbox 729 1051 808 1112; x_wconf 87' lang='lat' dir='ltr'>idem</span> <span class='ocrx_word' id='word_1_44' title='bbox 824 1050 962 1113; x_wconf 88' lang='lat' dir='ltr'>&amp;sentit</span> <span class='ocrx_word' id='word_1_45' title='bbox 983 1055 1012 1114; x_wconf 92' lang='lat'>&amp;</span> 
     </span>
     <span class='ocr_line' id='line_1_9' title="bbox 323 1129 1018 1215; baseline 0 -24"><span class='ocrx_word' id='word_1_46' title='bbox 323 1134 463 1215; x_wconf 75' lang='lat' dir='ltr'>praecipit.</span> <span class='ocrx_word' id='word_1_47' title='bbox 498 1129 715 1214; x_wconf 82' lang='lat' dir='ltr'>Theophrastus</span> <span class='ocrx_word' id='word_1_48' title='bbox 740 1132 813 1193; x_wconf 78' lang='lat' dir='ltr'>verb</span> <span class='ocrx_word' id='word_1_49' title='bbox 842 1130 955 1193; x_wconf 87' lang='lat' dir='ltr'>iisdem.</span> <span class='ocrx_word' id='word_1_50' title='bbox 977 1134 1018 1195; x_wconf 59' lang='lat' dir='ltr'>de:</span> 
     </span>
     <span class='ocr_line' id='line_1_10' title="bbox 322 1211 1010 1296; baseline 0 -22"><span class='ocrx_word' id='word_1_51' title='bbox 322 1213 411 1288; x_wconf 81' lang='lat' dir='ltr'>rebus</span> <span class='ocrx_word' id='word_1_52' title='bbox 433 1215 524 1276; x_wconf 83' lang='lat' dir='ltr'>etiam</span> <span class='ocrx_word' id='word_1_53' title='bbox 542 1214 712 1273; x_wconf 76' lang='lat' dir='ltr'>accuratius..</span> <span class='ocrx_word' id='word_1_54' title='bbox 746 1212 822 1292; x_wconf 88' lang='lat' dir='ltr'>Quis</span> <span class='ocrx_word' id='word_1_55' title='bbox 848 1234 923 1296; x_wconf 84' lang='lat' dir='ltr'>ergo</span> <span class='ocrx_word' id='word_1_56' title='bbox 947 1211 1010 1274; x_wconf 86' lang='lat' dir='ltr'>istos</span> 
     </span>
     <span class='ocr_line' id='line_1_11' title="bbox 323 1291 1016 1377; baseline 0.001 -22"><span class='ocrx_word' id='word_1_57' title='bbox 323 1291 416 1368; x_wconf 83' lang='lat' dir='ltr'>ferat,</span> <span class='ocrx_word' id='word_1_58' title='bbox 437 1296 487 1377; x_wconf 88' lang='lat' dir='ltr'>qui</span> <span class='ocrx_word' id='word_1_59' title='bbox 499 1295 553 1355; x_wconf 86' lang='lat' dir='ltr'>hos</span> <span class='ocrx_word' id='word_1_60' title='bbox 566 1292 697 1354; x_wconf 70' lang='lat' dir='ltr'>nudiores</span> <span class='ocrx_word' id='word_1_61' title='bbox 712 1314 773 1353; x_wconf 88' lang='lat' dir='ltr'>non</span> <span class='ocrx_word' id='word_1_62' title='bbox 787 1293 918 1374; x_wconf 86' lang='lat' dir='ltr'>probent</span> <span class='ocrx_word' id='word_1_63' title='bbox 933 1293 945 1354; x_wconf 73' lang='grc' dir='ltr'><strong><em>ἓ</em></strong></span> <span class='ocrx_word' id='word_1_64' title='bbox 964 1297 1016 1356; x_wconf 80' lang='lat' dir='ltr'>nisi</span> 
     </span>
     <span class='ocr_line' id='line_1_12' title="bbox 322 1373 993 1456; baseline 0.003 -22"><span class='ocrx_word' id='word_1_65' title='bbox 322 1376 446 1435; x_wconf 85' lang='lat' dir='ltr'>omnino</span> <span class='ocrx_word' id='word_1_66' title='bbox 456 1376 518 1435; x_wconf 83' lang='lat' dir='ltr'>haec</span> <span class='ocrx_word' id='word_1_67' title='bbox 528 1373 688 1436; x_wconf 82' lang='lat' dir='ltr'>effeahhis</span> <span class='ocrx_word' id='word_1_68' title='bbox 734 1391 844 1456; x_wconf 84' lang='lat' dir='ltr'>aecepta</span> <span class='ocrx_word' id='word_1_69' title='bbox 853 1374 993 1436; x_wconf 90' lang='lat' dir='ltr'>nesciunt.</span> 
     </span>
     <span class='ocr_line' id='line_1_13' title="bbox 370 1455 1017 1535; baseline 0.005 -21"><span class='ocrx_word' id='word_1_70' title='bbox 370 1474 436 1534; x_wconf 81' lang='lat'>173.</span> <span class='ocrx_word' id='word_1_71' title='bbox 461 1455 555 1535; x_wconf 88' lang='lat' dir='ltr'>Quod</span> <span class='ocrx_word' id='word_1_72' title='bbox 572 1459 596 1515; x_wconf 87' lang='lat' dir='ltr'>si</span> <span class='ocrx_word' id='word_1_73' title='bbox 611 1458 688 1515; x_wconf 85' lang='lat' dir='ltr'>itae</span> <span class='ocrx_word' id='word_1_74' title='bbox 722 1499 732 1530; x_wconf 91' lang='lat'>,</span> <span class='ocrx_word' id='word_1_75' title='bbox 759 1475 812 1515; x_wconf 88' lang='lat' dir='ltr'>nec</span> <span class='ocrx_word' id='word_1_76' title='bbox 835 1457 1017 1518; x_wconf 78' lang='lat' dir='ltr'>verbaliter</span> 
     </span>
     <span class='ocr_line' id='line_1_14' title="bbox 324 1533 1011 1619; baseline -0.004 -19"><span class='ocrx_word' id='word_1_77' title='bbox 324 1535 456 1600; x_wconf 70' lang='lat' dir='ltr'>existimo</span> <span class='ocrx_word' id='word_1_78' title='bbox 471 1559 479 1596; x_wconf 73' lang='grc' dir='ltr'><strong>ε</strong></span> <span class='ocrx_word' id='word_1_79' title='bbox 498 1536 590 1619; x_wconf 78' lang='lat' dir='ltr'>quid?</span> <span class='ocrx_word' id='word_1_80' title='bbox 605 1536 660 1619; x_wconf 89' lang='lat' dir='ltr'>ipsi</span> <span class='ocrx_word' id='word_1_81' title='bbox 669 1534 723 1595; x_wconf 89' lang='lat' dir='ltr'>suis</span> <span class='ocrx_word' id='word_1_82' title='bbox 733 1533 861 1595; x_wconf 85' lang='lat' dir='ltr'>sensibus</span> <span class='ocrx_word' id='word_1_83' title='bbox 870 1557 935 1597; x_wconf 90' lang='lat' dir='ltr'>non</span> <span class='ocrx_word' id='word_1_84' title='bbox 947 1560 1011 1597; x_wconf 87' lang='lat' dir='ltr'>mn-</span> 
     </span>
     <span class='ocr_line' id='line_1_15' title="bbox 324 1615 1012 1680; baseline 0 -1"><span class='ocrx_word' id='word_1_85' title='bbox 324 1617 453 1680; x_wconf 74' lang='lat' dir='ltr'>nentur?</span> <span class='ocrx_word' id='word_1_86' title='bbox 468 1618 576 1678; x_wconf 83' lang='lat' dir='ltr'>nihilne</span> <span class='ocrx_word' id='word_1_87' title='bbox 588 1619 629 1678; x_wconf 87' lang='lat' dir='ltr'>eis</span> <span class='ocrx_word' id='word_1_88' title='bbox 640 1618 725 1678; x_wconf 86' lang='lat' dir='ltr'>inane</span> <span class='ocrx_word' id='word_1_89' title='bbox 738 1615 874 1677; x_wconf 83' lang='lat' dir='ltr'>videtur?</span> <span class='ocrx_word' id='word_1_90' title='bbox 890 1618 962 1678; x_wconf 89' lang='lat' dir='ltr'>nihil</span> <span class='ocrx_word' id='word_1_91' title='bbox 972 1621 1012 1679; x_wconf 89' lang='lat' dir='ltr'>in·</span> 
     </span>
     <span class='ocr_line' id='line_1_16' title="bbox 323 1696 1011 1774; baseline 0.003 -16"><span class='ocrx_word' id='word_1_92' title='bbox 323 1699 496 1772; x_wconf 77' lang='lat' dir='ltr'>eonditum,</span> <span class='ocrx_word' id='word_1_93' title='bbox 514 1699 584 1758; x_wconf 89' lang='lat' dir='ltr'>nihil</span> <span class='ocrx_word' id='word_1_94' title='bbox 598 1714 727 1770; x_wconf 86' lang='lat' dir='ltr'>curtum,</span> <span class='ocrx_word' id='word_1_95' title='bbox 746 1696 815 1756; x_wconf 88' lang='lat' dir='ltr'>nihil</span> <span class='ocrx_word' id='word_1_96' title='bbox 828 1697 1011 1774; x_wconf 79' lang='lat' dir='ltr'>claudicans,</span> 
     </span>
     <span class='ocr_line' id='line_1_17' title="bbox 324 1776 1012 1858; baseline 0.003 -18"><span class='ocrx_word' id='word_1_97' title='bbox 324 1779 395 1840; x_wconf 80' lang='lat' dir='ltr'>nihil</span> <span class='ocrx_word' id='word_1_98' title='bbox 408 1778 594 1840; x_wconf 78' lang='lat' dir='ltr'>redundans?</span> <span class='ocrx_word' id='word_1_99' title='bbox 616 1777 649 1839; x_wconf 91' lang='lat' dir='ltr'>ln</span> <span class='ocrx_word' id='word_1_100' title='bbox 665 1777 749 1840; x_wconf 78' lang='lat' dir='ltr'>uersu</span> <span class='ocrx_word' id='word_1_101' title='bbox 766 1776 887 1858; x_wconf 89' lang='lat' dir='ltr'>quidem</span> <span class='ocrx_word' id='word_1_102' title='bbox 903 1780 1012 1842; x_wconf 81' lang='lat' dir='ltr'>theatra</span> 
     </span>
     <span class='ocr_line' id='line_1_18' title="bbox 324 1857 1013 1940; baseline 0.004 -21"><span class='ocrx_word' id='word_1_103' title='bbox 324 1875 390 1920; x_wconf 77' lang='lat' dir='ltr'>tota</span> <span class='ocrx_word' id='word_1_104' title='bbox 403 1860 567 1920; x_wconf 76' lang='lat' dir='ltr'>exclamant</span> <span class='ocrx_word' id='word_1_105' title='bbox 580 1904 591 1933; x_wconf 89' lang='lat'>‚</span> <span class='ocrx_word' id='word_1_106' title='bbox 610 1858 695 1919; x_wconf 76' lang='lat' dir='ltr'>sifuit</span> <span class='ocrx_word' id='word_1_107' title='bbox 706 1880 765 1918; x_wconf 82' lang='lat' dir='ltr'>una-</span> <span class='ocrx_word' id='word_1_108' title='bbox 774 1857 887 1940; x_wconf 75' lang='lat' dir='ltr'>syllaba</span> <span class='ocrx_word' id='word_1_109' title='bbox 897 1861 1013 1922; x_wconf 80' lang='lat' dir='ltr'>brevior</span> 
     </span>
     <span class='ocr_line' id='line_1_19' title="bbox 324 1939 1014 2022; baseline 0.001 -22"><span class='ocrx_word' id='word_1_110' title='bbox 324 1940 515 2022; x_wconf 67' lang='lat' dir='ltr'>autlongior.</span> <span class='ocrx_word' id='word_1_111' title='bbox 532 1939 597 2001; x_wconf 88' lang='lat' dir='ltr'>Nec</span> <span class='ocrx_word' id='word_1_112' title='bbox 606 1940 843 2000; x_wconf 71' lang='lat' dir='ltr'>verumultitudo</span> <span class='ocrx_word' id='word_1_113' title='bbox 856 1941 954 2021; x_wconf 89' lang='lat' dir='ltr'>pedes</span> <span class='ocrx_word' id='word_1_114' title='bbox 964 1965 1014 2001; x_wconf 92' lang='lat' dir='ltr'>no-</span> 
     </span>
     <span class='ocr_line' id='line_1_20' title="bbox 325 2020 1013 2098; baseline 0.001 -17"><span class='ocrx_word' id='word_1_115' title='bbox 325 2021 386 2095; x_wconf 70' lang='lat' dir='ltr'>vit,</span> <span class='ocrx_word' id='word_1_116' title='bbox 403 2040 458 2081; x_wconf 90' lang='lat' dir='ltr'>nec</span> <span class='ocrx_word' id='word_1_117' title='bbox 478 2020 553 2081; x_wconf 86' lang='lat' dir='ltr'>ullos</span> <span class='ocrx_word' id='word_1_118' title='bbox 571 2040 708 2081; x_wconf 86' lang='lat' dir='ltr'>numeros</span> <span class='ocrx_word' id='word_1_119' title='bbox 726 2038 828 2093; x_wconf 85' lang='lat' dir='ltr'>tenet;</span> <span class='ocrx_word' id='word_1_120' title='bbox 847 2041 905 2083; x_wconf 88' lang='lat' dir='ltr'>nec</span> <span class='ocrx_word' id='word_1_121' title='bbox 925 2024 1013 2098; x_wconf 81' lang='lat' dir='ltr'>illud,</span> 
     </span>
     <span class='ocr_line' id='line_1_21' title="bbox 325 2099 1013 2242; baseline 0.004 -81"><span class='ocrx_word' id='word_1_122' title='bbox 325 2102 407 2242; x_wconf 54' lang='lat' dir='ltr'>juod</span> <span class='ocrx_word' id='word_1_123' title='bbox 429 2099 573 2175; x_wconf 82' lang='lat' dir='ltr'>offendit,</span> <span class='ocrx_word' id='word_1_124' title='bbox 589 2118 719 2175; x_wconf 84' lang='lat' dir='ltr'>auteur,</span> <span class='ocrx_word' id='word_1_125' title='bbox 738 2121 786 2161; x_wconf 89' lang='lat' dir='ltr'>aut</span> <span class='ocrx_word' id='word_1_126' title='bbox 799 2103 829 2160; x_wconf 87' lang='lat' dir='ltr'>in</span> <span class='ocrx_word' id='word_1_127' title='bbox 846 2123 909 2182; x_wconf 90' lang='lat' dir='ltr'>quo</span> <span class='ocrx_word' id='word_1_128' title='bbox 924 2104 1013 2165; x_wconf 86' lang='lat' dir='ltr'>offen-</span> 
     </span>
     <span class='ocr_line' id='line_1_22' title="bbox 348 2183 1016 2256; baseline 0.001 -13"><span class='ocrx_word' id='word_1_129' title='bbox 348 2199 398 2256; x_wconf 87' lang='lat' dir='ltr'>at,</span> <span class='ocrx_word' id='word_1_130' title='bbox 422 2184 513 2244; x_wconf 88' lang='lat' dir='ltr'>intelli</span> <span class='ocrx_word' id='word_1_131' title='bbox 532 2186 576 2244; x_wconf 89' lang='lat' dir='ltr'>it:</span> <span class='ocrx_word' id='word_1_132' title='bbox 609 2183 761 2243; x_wconf 87' lang='lat' dir='ltr'>&amp;tamen</span> <span class='ocrx_word' id='word_1_133' title='bbox 788 2187 925 2244; x_wconf 90' lang='lat' dir='ltr'>omnium</span> <span class='ocrx_word' id='word_1_134' title='bbox 950 2187 1016 2247; x_wconf 89' lang='lat' dir='ltr'>lon·</span> 
     </span>
     <span class='ocr_line' id='line_1_23' title="bbox 324 2204 1012 2346; baseline 0.007 -24"><span class='ocrx_word' id='word_1_135' title='bbox 324 2264 487 2346; x_wconf 86' lang='lat' dir='ltr'>gitudinum</span> <span class='ocrx_word' id='word_1_136' title='bbox 513 2204 741 2326; x_wconf 60' lang='lat' dir='ltr'>{cbrevitatum</span> <span class='ocrx_word' id='word_1_137' title='bbox 762 2266 791 2322; x_wconf 90' lang='lat' dir='ltr'>in</span> <span class='ocrx_word' id='word_1_138' title='bbox 810 2261 917 2339; x_wconf 88' lang='lat' dir='ltr'>sonis,</span> <span class='ocrx_word' id='word_1_139' title='bbox 946 2270 1012 2327; x_wconf 85' lang='lat' dir='ltr'>sicut</span> 
     </span>
     <span class='ocr_line' id='line_1_24' title="bbox 324 2343 1015 2427; baseline 0.006 -23"><span class='ocrx_word' id='word_1_140' title='bbox 324 2364 473 2406; x_wconf 83' lang='lat' dir='ltr'>acutarum</span> <span class='ocrx_word' id='word_1_141' title='bbox 497 2347 684 2427; x_wconf 86' lang='lat' dir='ltr'>graviumque</span> <span class='ocrx_word' id='word_1_142' title='bbox 707 2365 843 2417; x_wconf 87' lang='lat' dir='ltr'>vocum,</span> <span class='ocrx_word' id='word_1_143' title='bbox 874 2343 1015 2425; x_wconf 81' lang='lat' dir='ltr'>judicium</span> 
     </span>
     <span class='ocr_line' id='line_1_25' title="bbox 323 2422 969 2507; baseline 0.006 -23"><span class='ocrx_word' id='word_1_144' title='bbox 323 2424 386 2507; x_wconf 81' lang='lat' dir='ltr'>ipsa</span> <span class='ocrx_word' id='word_1_145' title='bbox 397 2443 497 2487; x_wconf 81' lang='lat' dir='ltr'>natura</span> <span class='ocrx_word' id='word_1_146' title='bbox 507 2429 538 2485; x_wconf 92' lang='lat' dir='ltr'>in</span> <span class='ocrx_word' id='word_1_147' title='bbox 551 2427 668 2485; x_wconf 74' lang='lat' dir='ltr'>auribus.</span> <span class='ocrx_word' id='word_1_148' title='bbox 678 2422 780 2484; x_wconf 82' lang='lat' dir='ltr'>nostris</span> <span class='ocrx_word' id='word_1_149' title='bbox 794 2425 969 2488; x_wconf 83' lang='lat' dir='ltr'>collocavit.</span> 
     </span>
     <span class='ocr_line' id='line_1_26' title="bbox 367 2505 1013 2588; baseline 0.006 -22"><span class='ocrx_word' id='word_1_150' title='bbox 367 2505 433 2567; x_wconf 87' lang='lat' dir='ltr'><strong>LII.</strong></span> <span class='ocrx_word' id='word_1_151' title='bbox 450 2505 546 2567; x_wconf 89' lang='lat' dir='ltr'>Visne·</span> <span class='ocrx_word' id='word_1_152' title='bbox 560 2509 664 2588; x_wconf 78' lang='lat' dir='ltr'>igitur,</span> <span class='ocrx_word' id='word_1_153' title='bbox 686 2505 793 2578; x_wconf 89' lang='lat' dir='ltr'>Brute,</span> <span class='ocrx_word' id='word_1_154' title='bbox 818 2522 926 2570; x_wconf 69' lang='lat' dir='ltr'>totum,</span> <span class='ocrx_word' id='word_1_155' title='bbox 940 2511 1013 2570; x_wconf 90' lang='lat' dir='ltr'>hunc</span> 
     </span>
     <span class='ocr_line' id='line_1_27' title="bbox 323 2587 1017 2672; baseline 0.004 -24"><span class='ocrx_word' id='word_1_156' title='bbox 323 2587 422 2648; x_wconf 87' lang='lat' dir='ltr'>locum</span> <span class='ocrx_word' id='word_1_157' title='bbox 436 2590 591 2647; x_wconf 70' lang='lat' dir='ltr'>accuratius</span> <span class='ocrx_word' id='word_1_158' title='bbox 606 2590 696 2647; x_wconf 86' lang='lat' dir='ltr'>etiam</span> <span class='ocrx_word' id='word_1_159' title='bbox 708 2587 909 2665; x_wconf 82' lang='lat' dir='ltr'>explicemus,</span> <span class='ocrx_word' id='word_1_160' title='bbox 929 2592 1017 2672; x_wconf 72' lang='lat' dir='ltr'>quim</span> 
     </span>
     <span class='ocr_line' id='line_1_28' title="bbox 323 2667 1016 2750; baseline 0.001 -18"><span class='ocrx_word' id='word_1_161' title='bbox 323 2668 365 2732; x_wconf 84' lang='lat' dir='ltr'>illi</span> <span class='ocrx_word' id='word_1_162' title='bbox 375 2670 429 2750; x_wconf 78' lang='lat' dir='ltr'>ipsi</span> <span class='ocrx_word' id='word_1_163' title='bbox 440 2713 455 2742; x_wconf 79' lang='lat'>,</span> <span class='ocrx_word' id='word_1_164' title='bbox 468 2669 517 2750; x_wconf 83' lang='lat' dir='ltr'>qui</span> <span class='ocrx_word' id='word_1_165' title='bbox 530 2668 562 2728; x_wconf 75' lang='grc' dir='ltr'>ὃ(</span> <span class='ocrx_word' id='word_1_166' title='bbox 573 2668 654 2732; x_wconf 82' lang='lat' dir='ltr'>haec..</span> <span class='ocrx_word' id='word_1_167' title='bbox 669 2668 700 2727; x_wconf 90' lang='lat'>&amp;</span> <span class='ocrx_word' id='word_1_168' title='bbox 716 2668 771 2726; x_wconf 82' lang='lat' dir='ltr'>alia</span> <span class='ocrx_word' id='word_1_169' title='bbox 780 2667 865 2726; x_wconf 83' lang='lat' dir='ltr'>nobis</span> <span class='ocrx_word' id='word_1_170' title='bbox 880 2672 1016 2732; x_wconf 81' lang='lat' dir='ltr'>tradide-</span> 
     </span>
     <span class='ocr_line' id='line_1_29' title="bbox 323 2746 1017 2829; baseline 0.006 -19"><span class='ocrx_word' id='word_1_171' title='bbox 323 2749 414 2810; x_wconf 76' lang='lat' dir='ltr'>runt?</span> <span class='ocrx_word' id='word_1_172' title='bbox 438 2771 475 2811; x_wconf 86' lang='lat' dir='ltr'>an</span> <span class='ocrx_word' id='word_1_173' title='bbox 497 2748 540 2809; x_wconf 84' lang='lat' dir='ltr'>his</span> <span class='ocrx_word' id='word_1_174' title='bbox 561 2749 693 2808; x_wconf 82' lang='lat' dir='ltr'>contenti</span> <span class='ocrx_word' id='word_1_175' title='bbox 713 2746 797 2820; x_wconf 83' lang='lat' dir='ltr'>elle,</span> <span class='ocrx_word' id='word_1_176' title='bbox 819 2769 884 2829; x_wconf 88' lang='lat' dir='ltr'>quae</span> <span class='ocrx_word' id='word_1_177' title='bbox 904 2753 944 2814; x_wconf 88' lang='lat' dir='ltr'>ab</span> <span class='ocrx_word' id='word_1_178' title='bbox 966 2754 1017 2813; x_wconf 81' lang='lat' dir='ltr'>illis</span> 
     </span>
     <span class='ocr_line' id='line_1_30' title="bbox 324 2828 1023 2912; baseline 0.007 -22"><span class='ocrx_word' id='word_1_179' title='bbox 324 2830 402 2891; x_wconf 65' lang='lat' dir='ltr'>dicha</span> <span class='ocrx_word' id='word_1_180' title='bbox 418 2829 503 2904; x_wconf 84' lang='lat' dir='ltr'>sunt,</span> <span class='ocrx_word' id='word_1_181' title='bbox 527 2828 700 2911; x_wconf 69' lang='lat' dir='ltr'>pollutius?</span> <span class='ocrx_word' id='word_1_182' title='bbox 723 2828 783 2889; x_wconf 87' lang='lat' dir='ltr'>Sed</span> <span class='ocrx_word' id='word_1_183' title='bbox 802 2830 873 2909; x_wconf 90' lang='lat' dir='ltr'>quid</span> <span class='ocrx_word' id='word_1_184' title='bbox 895 2852 1023 2912; x_wconf 86' lang='lat' dir='ltr'>quaero,</span> 
     </span>
     <span class='ocr_line' id='line_1_31' title="bbox 323 2909 1020 2992; baseline 0.009 -22"><span class='ocrx_word' id='word_1_185' title='bbox 323 2909 465 2974; x_wconf 75' lang='lat' dir='ltr'>velisne:</span> <span class='ocrx_word' id='word_1_186' title='bbox 498 2932 592 2992; x_wconf 81' lang='lat' dir='ltr'>quum·</span> <span class='ocrx_word' id='word_1_187' title='bbox 612 2911 712 2970; x_wconf 70' lang='lat' dir='ltr'>litteris</span> <span class='ocrx_word' id='word_1_188' title='bbox 740 2911 795 2969; x_wconf 84' lang='lat' dir='ltr'>tuis</span> <span class='ocrx_word' id='word_1_189' title='bbox 820 2912 1020 2976; x_wconf 75' lang='lat' dir='ltr'>eruditissime</span> 
     </span>
     <span class='ocr_line' id='line_1_32' title="bbox 322 2988 1030 3082; baseline 0 -26"><span class='ocrx_word' id='word_1_190' title='bbox 322 2992 454 3078; x_wconf 72' lang='lat' dir='ltr'>scriptis,</span> <span class='ocrx_word' id='word_1_191' title='bbox 468 3009 498 3054; x_wconf 91' lang='lat' dir='ltr'>te</span> <span class='ocrx_word' id='word_1_192' title='bbox 510 2993 540 3055; x_wconf 90' lang='lat' dir='ltr'>id</span> <span class='ocrx_word' id='word_1_193' title='bbox 558 2992 609 3058; x_wconf 76' lang='lat' dir='ltr'>tel</span> <span class='ocrx_word' id='word_1_194' title='bbox 626 2989 750 3055; x_wconf 67' lang='lat' dir='ltr'>mxime</span> <span class='ocrx_word' id='word_1_195' title='bbox 764 2988 843 3057; x_wconf 74' lang='lat' dir='ltr'>uelle</span> <span class='ocrx_word' id='word_1_196' title='bbox 857 2994 1030 3082; x_wconf 70' lang='lat' dir='ltr'>perspexe-</span> 
     </span>
    </p>
   </div>
   <div class='ocr_carea' id='block_1_2' title="bbox 0 0 1204 4067">
    <p class='ocr_par' dir='ltr' id='par_1_2' title="bbox 0 0 1204 4067">
     <span class='ocr_line' id='line_1_33' title="bbox 0 0 1204 4067; baseline 0 0"><span class='ocrx_word' id='word_1_197' title='bbox 0 0 1204 4067; x_wconf 95' lang='lat' dir='ltr'> </span> 
     </span>
    </p>
   </div>
  </div>
 </body>
</html>
