<?xml version="1.0" encoding="UTF-8"?>
<!DOCTYPE html PUBLIC "-//W3C//DTD XHTML 1.0 Transitional//EN"
    "http://www.w3.org/TR/xhtml1/DTD/xhtml1-transitional.dtd">
<html xmlns="http://www.w3.org/1999/xhtml" xml:lang="en" lang="en">
 <head>
  <title>
</title>
<meta http-equiv="Content-Type" content="text/html;charset=utf-8" />
  <meta name='ocr-system' content='tesseract 3.04.00' />
  <meta name='ocr-capabilities' content='ocr_page ocr_carea ocr_par ocr_line ocrx_word'/>
</head>
<body>
  <div class='ocr_page' id='page_1' title='image "./mtulliiciceroni01lallgoog_0502.png"; bbox 0 0 2400 4067; ppageno 0'>
   <div class='ocr_carea' id='block_1_1' title="bbox 334 460 835 558">
    <p class='ocr_par' dir='ltr' id='par_1_1' title="bbox 334 460 835 558">
     <span class='ocr_line' id='line_1_1' title="bbox 334 460 835 558; baseline -0.028 -22"><span class='ocrx_word' id='word_1_1' title='bbox 334 462 413 558; x_wconf 84' lang='lat'>498</span> <span class='ocrx_word' id='word_1_2' title='bbox 535 460 835 530; x_wconf 71' lang='lat' dir='ltr'>onnon.</span> 
     </span>
    </p>
   </div>
   <div class='ocr_carea' id='block_1_2' title="bbox 333 567 1060 2989">
    <p class='ocr_par' dir='ltr' id='par_1_2' title="bbox 333 567 1060 1688">
     <span class='ocr_line' id='line_1_2' title="bbox 333 567 1015 658; baseline -0.012 -19"><span class='ocrx_word' id='word_1_3' title='bbox 333 596 406 640; x_wconf 86' lang='lat' dir='ltr'>nuet</span> <span class='ocrx_word' id='word_1_4' title='bbox 417 574 544 658; x_wconf 89' lang='lat' dir='ltr'>aliquid;</span> <span class='ocrx_word' id='word_1_5' title='bbox 561 572 636 655; x_wconf 78' lang='lat' dir='ltr'>sape</span> <span class='ocrx_word' id='word_1_6' title='bbox 649 586 680 631; x_wconf 91' lang='lat' dir='ltr'>ut</span> <span class='ocrx_word' id='word_1_7' title='bbox 691 570 835 643; x_wconf 85' lang='lat' dir='ltr'>irrideat;</span> <span class='ocrx_word' id='word_1_8' title='bbox 853 584 891 630; x_wconf 94' lang='lat' dir='ltr'>ut</span> <span class='ocrx_word' id='word_1_9' title='bbox 907 567 1015 632; x_wconf 79' lang='lat' dir='ltr'>declint</span> 
     </span>
     <span class='ocr_line' id='line_1_3' title="bbox 334 649 1015 741; baseline -0.013 -21"><span class='ocrx_word' id='word_1_10' title='bbox 334 681 353 720; x_wconf 83' lang='lat' dir='ltr'>a</span> <span class='ocrx_word' id='word_1_11' title='bbox 368 661 543 741; x_wconf 89' lang='lat' dir='ltr'>proposito,</span> <span class='ocrx_word' id='word_1_12' title='bbox 564 651 756 733; x_wconf 72' lang='lat' dir='ltr'>deflectatque</span> <span class='ocrx_word' id='word_1_13' title='bbox 779 649 979 712; x_wconf 87' lang='lat' dir='ltr'>sententiam:</span> <span class='ocrx_word' id='word_1_14' title='bbox 993 667 1015 711; x_wconf 87' lang='lat' dir='ltr'>u</span> 
     </span>
     <span class='ocr_line' id='line_1_4' title="bbox 333 731 1016 820; baseline -0.016 -21"><span class='ocrx_word' id='word_1_15' title='bbox 333 755 510 820; x_wconf 84' lang='lat' dir='ltr'>proponat,</span> <span class='ocrx_word' id='word_1_16' title='bbox 537 735 606 818; x_wconf 93' lang='lat' dir='ltr'>quid</span> <span class='ocrx_word' id='word_1_17' title='bbox 629 731 753 793; x_wconf 70' lang='lat' dir='ltr'>ulturus</span> <span class='ocrx_word' id='word_1_18' title='bbox 774 735 836 791; x_wconf 87' lang='lat' dir='ltr'>sit:</span> <span class='ocrx_word' id='word_1_19' title='bbox 868 749 927 804; x_wconf 92' lang='lat' dir='ltr'>ut,</span> <span class='ocrx_word' id='word_1_20' title='bbox 945 750 1016 813; x_wconf 85' lang='lat' dir='ltr'>quun</span> 
     </span>
     <span class='ocr_line' id='line_1_5' title="bbox 333 811 1059 902; baseline -0.012 -22"><span class='ocrx_word' id='word_1_21' title='bbox 333 818 500 902; x_wconf 82' lang='lat' dir='ltr'>transegerit</span> <span class='ocrx_word' id='word_1_22' title='bbox 515 814 574 895; x_wconf 83' lang='lat' dir='ltr'>jatn</span> <span class='ocrx_word' id='word_1_23' title='bbox 589 812 715 895; x_wconf 88' lang='lat' dir='ltr'>aliquid,</span> <span class='ocrx_word' id='word_1_24' title='bbox 729 811 876 873; x_wconf 85' lang='lat' dir='ltr'>definiat:</span> <span class='ocrx_word' id='word_1_25' title='bbox 892 829 927 873; x_wconf 91' lang='lat' dir='ltr'>ut</span> <span class='ocrx_word' id='word_1_26' title='bbox 934 811 962 873; x_wconf 89' lang='lat' dir='ltr'>se</span> <span class='ocrx_word' id='word_1_27' title='bbox 973 811 1017 893; x_wconf 79' lang='lat' dir='ltr'>ipse</span> <span class='ocrx_word' id='word_1_28' title='bbox 1057 844 1059 851; x_wconf 94' lang='lat'>·</span> 
     </span>
     <span class='ocr_line' id='line_1_6' title="bbox 334 893 1018 978; baseline -0.007 -20"><span class='ocrx_word' id='word_1_29' title='bbox 334 918 476 960; x_wconf 86' lang='lat' dir='ltr'>revocet:</span> <span class='ocrx_word' id='word_1_30' title='bbox 492 914 543 972; x_wconf 91' lang='lat' dir='ltr'>ut,</span> <span class='ocrx_word' id='word_1_31' title='bbox 559 896 641 978; x_wconf 90' lang='lat' dir='ltr'>quod</span> <span class='ocrx_word' id='word_1_32' title='bbox 659 893 750 967; x_wconf 84' lang='lat' dir='ltr'>dixit,</span> <span class='ocrx_word' id='word_1_33' title='bbox 769 896 883 955; x_wconf 88' lang='lat' dir='ltr'>iteret:</span> <span class='ocrx_word' id='word_1_34' title='bbox 903 909 939 954; x_wconf 90' lang='grc' dir='ltr'>ιιι</span> <span class='ocrx_word' id='word_1_35' title='bbox 952 913 1018 975; x_wconf 78' lang='lat' dir='ltr'>argu·</span> 
     </span>
     <span class='ocr_line' id='line_1_7' title="bbox 335 973 1019 1057; baseline -0.013 -15"><span class='ocrx_word' id='word_1_36' title='bbox 335 999 468 1042; x_wconf 86' lang='lat' dir='ltr'>mentum</span> <span class='ocrx_word' id='word_1_37' title='bbox 483 982 597 1039; x_wconf 86' lang='lat' dir='ltr'>ratione</span> <span class='ocrx_word' id='word_1_38' title='bbox 613 973 790 1036; x_wconf 90' lang='lat' dir='ltr'>concludat:</span> <span class='ocrx_word' id='word_1_39' title='bbox 806 990 842 1034; x_wconf 92' lang='lat' dir='ltr'>ut</span> <span class='ocrx_word' id='word_1_40' title='bbox 856 977 1019 1057; x_wconf 68' lang='lat' dir='ltr'>interrogate</span> 
     </span>
     <span class='ocr_line' id='line_1_8' title="bbox 337 1055 1018 1142; baseline -0.009 -22"><span class='ocrx_word' id='word_1_41' title='bbox 337 1062 379 1120; x_wconf 91' lang='lat' dir='ltr'>do</span> <span class='ocrx_word' id='word_1_42' title='bbox 393 1076 510 1142; x_wconf 86' lang='lat' dir='ltr'>urgeat:</span> <span class='ocrx_word' id='word_1_43' title='bbox 532 1055 673 1118; x_wconf 83' lang='lat' dir='ltr'>utrursus</span> <span class='ocrx_word' id='word_1_44' title='bbox 690 1057 775 1136; x_wconf 86' lang='lat' dir='ltr'>quasi</span> <span class='ocrx_word' id='word_1_45' title='bbox 792 1055 833 1115; x_wconf 89' lang='lat' dir='ltr'>ad</span> <span class='ocrx_word' id='word_1_46' title='bbox 855 1059 1018 1137; x_wconf 81' lang='lat' dir='ltr'>interrogata</span> 
     </span>
     <span class='ocr_line' id='line_1_9' title="bbox 336 1135 1060 1222; baseline -0.012 -19"><span class='ocrx_word' id='word_1_47' title='bbox 336 1141 391 1203; x_wconf 83' lang='lat' dir='ltr'>sibi</span> <span class='ocrx_word' id='word_1_48' title='bbox 406 1139 464 1222; x_wconf 87' lang='lat' dir='ltr'>ipse</span> <span class='ocrx_word' id='word_1_49' title='bbox 483 1138 532 1200; x_wconf 88' lang='lat' dir='ltr'>res</span> <span class='ocrx_word' id='word_1_50' title='bbox 548 1138 676 1198; x_wconf 89' lang='lat' dir='ltr'>ondeat:</span> <span class='ocrx_word' id='word_1_51' title='bbox 693 1153 725 1195; x_wconf 92' lang='lat' dir='ltr'>ut</span> <span class='ocrx_word' id='word_1_52' title='bbox 738 1135 872 1210; x_wconf 71' lang='lat' dir='ltr'>contria,</span> <span class='ocrx_word' id='word_1_53' title='bbox 890 1157 926 1196; x_wconf 90' lang='lat' dir='ltr'>ac</span> <span class='ocrx_word' id='word_1_54' title='bbox 943 1136 1018 1207; x_wconf 78' lang='lat' dir='ltr'>dicat,</span> <span class='ocrx_word' id='word_1_55' title='bbox 1057 1140 1060 1157; x_wconf 82' lang='lat'>¹</span> 
     </span>
     <span class='ocr_line' id='line_1_10' title="bbox 336 1163 1018 1302; baseline -0.012 -20"><span class='ocrx_word' id='word_1_56' title='bbox 336 1222 449 1302; x_wconf 83' lang='lat' dir='ltr'>accipi,</span> <span class='ocrx_word' id='word_1_57' title='bbox 471 1221 503 1280; x_wconf 74' lang='grc' dir='ltr'>δι</span> <span class='ocrx_word' id='word_1_58' title='bbox 515 1163 611 1282; x_wconf 58' lang='lat' dir='ltr'>sentiri</span> <span class='ocrx_word' id='word_1_59' title='bbox 620 1216 709 1278; x_wconf 88' lang='lat' dir='ltr'>velit:</span> <span class='ocrx_word' id='word_1_60' title='bbox 725 1233 760 1276; x_wconf 90' lang='lat' dir='ltr'>ut</span> <span class='ocrx_word' id='word_1_61' title='bbox 771 1216 953 1290; x_wconf 82' lang='lat' dir='ltr'>addubitet,</span> <span class='ocrx_word' id='word_1_62' title='bbox 966 1215 1018 1298; x_wconf 84' lang='lat' dir='ltr'>quid</span> 
     </span>
     <span class='ocr_line' id='line_1_11' title="bbox 337 1297 1018 1383; baseline -0.007 -22"><span class='ocrx_word' id='word_1_63' title='bbox 337 1304 453 1383; x_wconf 77' lang='lat' dir='ltr'>potius,</span> <span class='ocrx_word' id='word_1_64' title='bbox 473 1317 521 1360; x_wconf 92' lang='lat' dir='ltr'>aut</span> <span class='ocrx_word' id='word_1_65' title='bbox 537 1298 689 1381; x_wconf 89' lang='lat' dir='ltr'>quomodo</span> <span class='ocrx_word' id='word_1_66' title='bbox 701 1298 801 1356; x_wconf 86' lang='lat' dir='ltr'>dicat:</span> <span class='ocrx_word' id='word_1_67' title='bbox 826 1314 865 1358; x_wconf 92' lang='lat' dir='ltr'>ut</span> <span class='ocrx_word' id='word_1_68' title='bbox 882 1297 1018 1358; x_wconf 81' lang='lat' dir='ltr'>dividatit</span> 
     </span>
     <span class='ocr_line' id='line_1_12' title="bbox 337 1378 1016 1462; baseline -0.009 -20"><span class='ocrx_word' id='word_1_69' title='bbox 337 1399 454 1462; x_wconf 87' lang='lat' dir='ltr'>partes:</span> <span class='ocrx_word' id='word_1_70' title='bbox 475 1397 507 1440; x_wconf 89' lang='lat' dir='ltr'>ut</span> <span class='ocrx_word' id='word_1_71' title='bbox 525 1379 632 1462; x_wconf 86' lang='lat' dir='ltr'>aliquid</span> <span class='ocrx_word' id='word_1_72' title='bbox 649 1378 817 1459; x_wconf 87' lang='lat' dir='ltr'>relinquat,</span> <span class='ocrx_word' id='word_1_73' title='bbox 838 1398 878 1439; x_wconf 85' lang='lat' dir='ltr'>ac</span> <span class='ocrx_word' id='word_1_74' title='bbox 893 1379 1016 1462; x_wconf 78' lang='lat' dir='ltr'>negligat:</span> 
     </span>
     <span class='ocr_line' id='line_1_13' title="bbox 339 1458 1018 1542; baseline -0.004 -19"><span class='ocrx_word' id='word_1_75' title='bbox 339 1481 371 1524; x_wconf 88' lang='lat' dir='ltr'>ut</span> <span class='ocrx_word' id='word_1_76' title='bbox 381 1464 448 1522; x_wconf 72' lang='lat' dir='ltr'>ante</span> <span class='ocrx_word' id='word_1_77' title='bbox 465 1464 649 1542; x_wconf 72' lang='lat' dir='ltr'>praemuniat:</span> <span class='ocrx_word' id='word_1_78' title='bbox 670 1461 748 1518; x_wconf 89' lang='lat' dir='ltr'>utin</span> <span class='ocrx_word' id='word_1_79' title='bbox 765 1478 805 1520; x_wconf 87' lang='lat' dir='ltr'>eo</span> <span class='ocrx_word' id='word_1_80' title='bbox 826 1458 916 1541; x_wconf 91' lang='lat' dir='ltr'>ipso,</span> <span class='ocrx_word' id='word_1_81' title='bbox 933 1463 961 1520; x_wconf 89' lang='lat' dir='ltr'>in</span> <span class='ocrx_word' id='word_1_82' title='bbox 975 1476 1018 1540; x_wconf 80' lang='lat' dir='ltr'>qut</span> 
     </span>
     <span class='ocr_line' id='line_1_14' title="bbox 337 1539 1019 1688; baseline -0.009 -82"><span class='ocrx_word' id='word_1_83' title='bbox 337 1543 578 1688; x_wconf 64' lang='lat' dir='ltr'>qeprehendatur,</span> <span class='ocrx_word' id='word_1_84' title='bbox 591 1541 707 1622; x_wconf 84' lang='lat' dir='ltr'>culpam</span> <span class='ocrx_word' id='word_1_85' title='bbox 717 1540 748 1600; x_wconf 92' lang='lat' dir='ltr'>in</span> <span class='ocrx_word' id='word_1_86' title='bbox 758 1539 1019 1602; x_wconf 79' lang='lat' dir='ltr'>adversariumcot</span> 
     </span>
     <span class='ocr_line' id='line_1_15' title="bbox 353 1641 574 1688; baseline -0.023 0"><span class='ocrx_word' id='word_1_87' title='bbox 353 1641 424 1688; x_wconf 87' lang='lat' dir='ltr'>erat.</span> <span class='ocrx_word' id='word_1_88' title='bbox 570 1648 574 1655; x_wconf 55' lang='lat'><strong>⁴</strong></span> 
     </span>
    </p>

    <p class='ocr_par' dir='ltr' id='par_1_3' title="bbox 340 1701 1020 2989">
     <span class='ocr_line' id='line_1_16' title="bbox 385 1701 1018 1784; baseline -0.005 -19"><span class='ocrx_word' id='word_1_89' title='bbox 385 1703 453 1784; x_wconf 79' lang='lat'>138.</span> <span class='ocrx_word' id='word_1_90' title='bbox 469 1701 513 1763; x_wconf 91' lang='lat' dir='ltr'>Ut</span> <span class='ocrx_word' id='word_1_91' title='bbox 526 1701 602 1783; x_wconf 83' lang='lat' dir='ltr'>saepe</span> <span class='ocrx_word' id='word_1_92' title='bbox 611 1721 678 1761; x_wconf 90' lang='lat' dir='ltr'>cunt</span> <span class='ocrx_word' id='word_1_93' title='bbox 687 1702 738 1773; x_wconf 84' lang='lat' dir='ltr'>iis,</span> <span class='ocrx_word' id='word_1_94' title='bbox 752 1703 805 1782; x_wconf 88' lang='lat' dir='ltr'>qui</span> <span class='ocrx_word' id='word_1_95' title='bbox 815 1701 958 1776; x_wconf 87' lang='lat' dir='ltr'>audiunt,</span> <span class='ocrx_word' id='word_1_96' title='bbox 967 1720 1018 1762; x_wconf 72' lang='lat' dir='ltr'>no·</span> 
     </span>
     <span class='ocr_line' id='line_1_17' title="bbox 340 1780 1017 1866; baseline -0.004 -21"><span class='ocrx_word' id='word_1_97' title='bbox 340 1805 499 1866; x_wconf 87' lang='lat' dir='ltr'>numquam</span> <span class='ocrx_word' id='word_1_98' title='bbox 511 1785 598 1843; x_wconf 87' lang='lat' dir='ltr'>etiam</span> <span class='ocrx_word' id='word_1_99' title='bbox 611 1803 676 1842; x_wconf 83' lang='lat' dir='ltr'>curn</span> <span class='ocrx_word' id='word_1_100' title='bbox 687 1780 863 1843; x_wconf 82' lang='lat' dir='ltr'>adversatio</span> <span class='ocrx_word' id='word_1_101' title='bbox 874 1785 957 1865; x_wconf 82' lang='lat' dir='ltr'>quati</span> <span class='ocrx_word' id='word_1_102' title='bbox 967 1781 1017 1853; x_wconf 69' lang='lat' dir='ltr'>deli</span> 
     </span>
     <span class='ocr_line' id='line_1_18' title="bbox 340 1860 1016 1944; baseline 0.001 -20"><span class='ocrx_word' id='word_1_103' title='bbox 340 1866 451 1924; x_wconf 84' lang='lat' dir='ltr'>beret:</span> <span class='ocrx_word' id='word_1_104' title='bbox 480 1881 512 1923; x_wconf 86' lang='lat' dir='ltr'>ut</span> <span class='ocrx_word' id='word_1_105' title='bbox 534 1863 686 1922; x_wconf 89' lang='lat' dir='ltr'>hominurn</span> <span class='ocrx_word' id='word_1_106' title='bbox 703 1860 863 1925; x_wconf 81' lang='lat' dir='ltr'>sermones</span> <span class='ocrx_word' id='word_1_107' title='bbox 887 1862 1016 1944; x_wconf 77' lang='lat' dir='ltr'>moresque</span> 
     </span>
     <span class='ocr_line' id='line_1_19' title="bbox 341 1941 1017 2027; baseline 0 -24"><span class='ocrx_word' id='word_1_108' title='bbox 341 1943 499 2004; x_wconf 86' lang='lat' dir='ltr'>describat:</span> <span class='ocrx_word' id='word_1_109' title='bbox 523 1961 555 2002; x_wconf 90' lang='lat' dir='ltr'>ut</span> <span class='ocrx_word' id='word_1_110' title='bbox 569 1959 649 2002; x_wconf 88' lang='lat' dir='ltr'>muta</span> <span class='ocrx_word' id='word_1_111' title='bbox 666 1941 802 2024; x_wconf 84' lang='lat' dir='ltr'>quaedatn</span> <span class='ocrx_word' id='word_1_112' title='bbox 822 1944 977 2027; x_wconf 85' lang='lat' dir='ltr'>loquentia</span> <span class='ocrx_word' id='word_1_113' title='bbox 989 1947 1017 2002; x_wconf 79' lang='lat' dir='ltr'>in</span> 
     </span>
     <span class='ocr_line' id='line_1_20' title="bbox 341 2023 1017 2106; baseline -0.001 -22"><span class='ocrx_word' id='word_1_114' title='bbox 341 2024 443 2087; x_wconf 84' lang='lat' dir='ltr'>diicat:</span> <span class='ocrx_word' id='word_1_115' title='bbox 458 2039 489 2082; x_wconf 89' lang='lat' dir='ltr'>ut</span> <span class='ocrx_word' id='word_1_116' title='bbox 499 2023 535 2083; x_wconf 86' lang='lat' dir='ltr'>ab</span> <span class='ocrx_word' id='word_1_117' title='bbox 549 2043 607 2097; x_wconf 85' lang='lat' dir='ltr'>eo,</span> <span class='ocrx_word' id='word_1_118' title='bbox 621 2023 702 2105; x_wconf 89' lang='lat' dir='ltr'>quod</span> <span class='ocrx_word' id='word_1_119' title='bbox 711 2026 830 2106; x_wconf 83' lang='lat' dir='ltr'>agitur,</span> <span class='ocrx_word' id='word_1_120' title='bbox 849 2041 966 2089; x_wconf 83' lang='lat' dir='ltr'>avertat</span> <span class='ocrx_word' id='word_1_121' title='bbox 976 2026 1017 2085; x_wconf 86' lang='lat' dir='ltr'>anl-</span> 
     </span>
     <span class='ocr_line' id='line_1_21' title="bbox 342 2105 1018 2189; baseline -0.003 -19"><span class='ocrx_word' id='word_1_122' title='bbox 342 2127 425 2170; x_wconf 85' lang='lat' dir='ltr'>mos:</span> <span class='ocrx_word' id='word_1_123' title='bbox 440 2121 472 2164; x_wconf 92' lang='lat' dir='ltr'>ut</span> <span class='ocrx_word' id='word_1_124' title='bbox 485 2105 551 2164; x_wconf 74' lang='lat' dir='ltr'>ante</span> <span class='ocrx_word' id='word_1_125' title='bbox 566 2122 709 2185; x_wconf 85' lang='lat' dir='ltr'>occupet,</span> <span class='ocrx_word' id='word_1_126' title='bbox 721 2105 807 2184; x_wconf 90' lang='lat' dir='ltr'>quod</span> <span class='ocrx_word' id='word_1_127' title='bbox 825 2108 934 2170; x_wconf 83' lang='lat' dir='ltr'>videat</span> <span class='ocrx_word' id='word_1_128' title='bbox 947 2125 1018 2189; x_wconf 71' lang='lat' dir='ltr'>oppt</span> 
     </span>
     <span class='ocr_line' id='line_1_22' title="bbox 342 2185 1017 2266; baseline -0.003 -18"><span class='ocrx_word' id='word_1_129' title='bbox 342 2190 392 2249; x_wconf 87' lang='lat' dir='ltr'>ni:</span> <span class='ocrx_word' id='word_1_130' title='bbox 415 2204 447 2246; x_wconf 91' lang='lat' dir='ltr'>ut</span> <span class='ocrx_word' id='word_1_131' title='bbox 464 2203 615 2266; x_wconf 87' lang='lat' dir='ltr'>comparet</span> <span class='ocrx_word' id='word_1_132' title='bbox 633 2185 841 2247; x_wconf 82' lang='lat' dir='ltr'>similitudines</span> <span class='ocrx_word' id='word_1_133' title='bbox 861 2210 868 2247; x_wconf 91' lang='lat'>:</span> <span class='ocrx_word' id='word_1_134' title='bbox 895 2205 930 2248; x_wconf 92' lang='lat' dir='ltr'>ut</span> <span class='ocrx_word' id='word_1_135' title='bbox 948 2204 1017 2248; x_wconf 85' lang='lat' dir='ltr'>utattt</span> 
     </span>
     <span class='ocr_line' id='line_1_23' title="bbox 343 2265 1016 2352; baseline -0.006 -22"><span class='ocrx_word' id='word_1_136' title='bbox 343 2268 502 2349; x_wconf 83' lang='lat' dir='ltr'>exemplis:</span> <span class='ocrx_word' id='word_1_137' title='bbox 522 2285 552 2326; x_wconf 88' lang='lat' dir='ltr'>ut</span> <span class='ocrx_word' id='word_1_138' title='bbox 564 2267 641 2326; x_wconf 91' lang='lat' dir='ltr'>aliud</span> <span class='ocrx_word' id='word_1_139' title='bbox 657 2266 704 2328; x_wconf 85' lang='lat' dir='ltr'>alii</span> <span class='ocrx_word' id='word_1_140' title='bbox 718 2265 858 2328; x_wconf 84' lang='lat' dir='ltr'>tribuens</span> <span class='ocrx_word' id='word_1_141' title='bbox 873 2267 1016 2352; x_wconf 86' lang='lat' dir='ltr'>dispertiat:</span> 
     </span>
     <span class='ocr_line' id='line_1_24' title="bbox 342 2348 1018 2432; baseline -0.007 -20"><span class='ocrx_word' id='word_1_142' title='bbox 342 2367 374 2412; x_wconf 88' lang='lat' dir='ltr'>ut</span> <span class='ocrx_word' id='word_1_143' title='bbox 384 2352 443 2409; x_wconf 90' lang='lat' dir='ltr'>inte</span> <span class='ocrx_word' id='word_1_144' title='bbox 481 2348 633 2410; x_wconf 90' lang='lat' dir='ltr'>ellatorem</span> <span class='ocrx_word' id='word_1_145' title='bbox 643 2350 801 2408; x_wconf 71' lang='lat' dir='ltr'>coerceat:</span> <span class='ocrx_word' id='word_1_146' title='bbox 822 2365 857 2410; x_wconf 91' lang='lat' dir='ltr'>ut</span> <span class='ocrx_word' id='word_1_147' title='bbox 870 2349 977 2432; x_wconf 77' lang='lat' dir='ltr'>aliquid</span> <span class='ocrx_word' id='word_1_148' title='bbox 987 2366 1018 2408; x_wconf 82' lang='lat' dir='ltr'>rt·</span> 
     </span>
     <span class='ocr_line' id='line_1_25' title="bbox 343 2428 1018 2514; baseline -0.007 -21"><span class='ocrx_word' id='word_1_149' title='bbox 343 2433 433 2493; x_wconf 88' lang='lat' dir='ltr'>ticere</span> <span class='ocrx_word' id='word_1_150' title='bbox 466 2429 607 2489; x_wconf 88' lang='lat' dir='ltr'>edicat:</span> <span class='ocrx_word' id='word_1_151' title='bbox 635 2444 666 2490; x_wconf 93' lang='lat' dir='ltr'>ut</span> <span class='ocrx_word' id='word_1_152' title='bbox 690 2428 874 2505; x_wconf 90' lang='lat' dir='ltr'>denuntiet,</span> <span class='ocrx_word' id='word_1_153' title='bbox 903 2431 972 2514; x_wconf 90' lang='lat' dir='ltr'>quid</span> <span class='ocrx_word' id='word_1_154' title='bbox 987 2449 1018 2488; x_wconf 83' lang='lat' dir='ltr'>u·</span> 
     </span>
     <span class='ocr_line' id='line_1_26' title="bbox 343 2508 1019 2597; baseline -0.007 -24"><span class='ocrx_word' id='word_1_155' title='bbox 343 2528 453 2573; x_wconf 76' lang='lat' dir='ltr'>reant:</span> <span class='ocrx_word' id='word_1_156' title='bbox 474 2525 506 2568; x_wconf 93' lang='lat' dir='ltr'>ut</span> <span class='ocrx_word' id='word_1_157' title='bbox 525 2510 640 2571; x_wconf 84' lang='lat' dir='ltr'>liberilrs</span> <span class='ocrx_word' id='word_1_158' title='bbox 653 2508 723 2597; x_wconf 87' lang='lat' dir='ltr'>quid</span> <span class='ocrx_word' id='word_1_159' title='bbox 736 2510 851 2574; x_wconf 87' lang='lat' dir='ltr'>audeat</span> <span class='ocrx_word' id='word_1_160' title='bbox 866 2532 875 2570; x_wconf 73' lang='grc' dir='ltr'>ι</span> <span class='ocrx_word' id='word_1_161' title='bbox 899 2531 933 2577; x_wconf 86' lang='lat' dir='ltr'>ut</span> <span class='ocrx_word' id='word_1_162' title='bbox 947 2510 1019 2572; x_wconf 85' lang='lat' dir='ltr'>iraltt·</span> 
     </span>
     <span class='ocr_line' id='line_1_27' title="bbox 344 2590 1019 2674; baseline -0.001 -24"><span class='ocrx_word' id='word_1_163' title='bbox 344 2607 391 2650; x_wconf 88' lang='lat' dir='ltr'>tur</span> <span class='ocrx_word' id='word_1_164' title='bbox 416 2593 530 2663; x_wconf 88' lang='lat' dir='ltr'>etiarn,</span> <span class='ocrx_word' id='word_1_165' title='bbox 569 2608 600 2650; x_wconf 91' lang='lat' dir='ltr'>ut</span> <span class='ocrx_word' id='word_1_166' title='bbox 626 2590 763 2671; x_wconf 69' lang='lat' dir='ltr'>objurget</span> <span class='ocrx_word' id='word_1_167' title='bbox 787 2592 960 2674; x_wconf 86' lang='lat' dir='ltr'>aliquando</span> <span class='ocrx_word' id='word_1_168' title='bbox 976 2604 1019 2667; x_wconf 81' lang='lat' dir='ltr'>,u</span> 
     </span>
     <span class='ocr_line' id='line_1_28' title="bbox 344 2670 1020 2752; baseline 0 -23"><span class='ocrx_word' id='word_1_169' title='bbox 344 2671 538 2752; x_wconf 87' lang='lat' dir='ltr'>deprecetur,</span> <span class='ocrx_word' id='word_1_170' title='bbox 551 2688 582 2730; x_wconf 93' lang='lat' dir='ltr'>ut</span> <span class='ocrx_word' id='word_1_171' title='bbox 592 2670 751 2752; x_wconf 86' lang='lat' dir='ltr'>supplicet,</span> <span class='ocrx_word' id='word_1_172' title='bbox 767 2689 802 2730; x_wconf 93' lang='lat' dir='ltr'>ut</span> <span class='ocrx_word' id='word_1_173' title='bbox 818 2675 1020 2740; x_wconf 64' lang='lat' dir='ltr'>medeamur:</span> 
     </span>
     <span class='ocr_line' id='line_1_29' title="bbox 343 2750 1020 2833; baseline 0.004 -22"><span class='ocrx_word' id='word_1_174' title='bbox 343 2774 361 2811; x_wconf 87' lang='lat' dir='ltr'>a</span> <span class='ocrx_word' id='word_1_175' title='bbox 380 2753 534 2833; x_wconf 87' lang='lat' dir='ltr'>proposito</span> <span class='ocrx_word' id='word_1_176' title='bbox 546 2751 672 2814; x_wconf 89' lang='lat' dir='ltr'>declinet</span> <span class='ocrx_word' id='word_1_177' title='bbox 682 2750 925 2831; x_wconf 76' lang='lat' dir='ltr'>aliquantulum:</span> <span class='ocrx_word' id='word_1_178' title='bbox 943 2775 973 2816; x_wconf 92' lang='lat' dir='ltr'>ut</span> <span class='ocrx_word' id='word_1_179' title='bbox 984 2775 1020 2833; x_wconf 85' lang='lat' dir='ltr'>op·</span> 
     </span>
     <span class='ocr_line' id='line_1_30' title="bbox 345 2830 1020 2921; baseline 0.001 -28"><span class='ocrx_word' id='word_1_180' title='bbox 345 2852 406 2907; x_wconf 89' lang='lat' dir='ltr'>tet,</span> <span class='ocrx_word' id='word_1_181' title='bbox 428 2848 460 2892; x_wconf 89' lang='lat' dir='ltr'>ut</span> <span class='ocrx_word' id='word_1_182' title='bbox 473 2830 658 2893; x_wconf 86' lang='lat' dir='ltr'>exsecretur:</span> <span class='ocrx_word' id='word_1_183' title='bbox 681 2848 712 2892; x_wconf 90' lang='lat' dir='ltr'>ut</span> <span class='ocrx_word' id='word_1_184' title='bbox 728 2830 778 2893; x_wconf 87' lang='lat' dir='ltr'>fiat</span> <span class='ocrx_word' id='word_1_185' title='bbox 796 2835 854 2911; x_wconf 88' lang='lat' dir='ltr'>iis,</span> <span class='ocrx_word' id='word_1_186' title='bbox 878 2837 1020 2921; x_wconf 74' lang='lat' dir='ltr'>apudque:</span> 
     </span>
     <span class='ocr_line' id='line_1_31' title="bbox 346 2911 604 2989; baseline -0.008 -16"><span class='ocrx_word' id='word_1_187' title='bbox 346 2914 439 2989; x_wconf 89' lang='lat' dir='ltr'>dicet,</span> <span class='ocrx_word' id='word_1_188' title='bbox 450 2911 604 2974; x_wconf 87' lang='lat' dir='ltr'>familiaris.</span> 
     </span>
    </p>
   </div>
   <div class='ocr_carea' id='block_1_3' title="bbox 391 2992 1023 3087">
    <p class='ocr_par' dir='ltr' id='par_1_4' title="bbox 391 2992 1023 3087">
     <span class='ocr_line' id='line_1_32' title="bbox 391 2992 1023 3087; baseline 0.016 -33"><span class='ocrx_word' id='word_1_189' title='bbox 391 3013 459 3076; x_wconf 82' lang='lat'>139·</span> <span class='ocrx_word' id='word_1_190' title='bbox 486 2992 586 3080; x_wconf 82' lang='lat' dir='ltr'>Atque</span> <span class='ocrx_word' id='word_1_191' title='bbox 608 2994 676 3056; x_wconf 78' lang='lat' dir='ltr'>alias</span> <span class='ocrx_word' id='word_1_192' title='bbox 699 2994 789 3058; x_wconf 86' lang='lat' dir='ltr'>etiam</span> <span class='ocrx_word' id='word_1_193' title='bbox 814 2997 948 3066; x_wconf 86' lang='lat' dir='ltr'>dicendi</span> <span class='ocrx_word' id='word_1_194' title='bbox 970 2993 1023 3087; x_wconf 74' lang='lat' dir='ltr'>qni</span> 
     </span>
    </p>
   </div>
   <div class='ocr_carea' id='block_1_4' title="bbox 0 0 1217 4067">
    <p class='ocr_par' dir='ltr' id='par_1_5' title="bbox 0 0 1217 4067">
     <span class='ocr_line' id='line_1_33' title="bbox 0 0 1217 4067; baseline 0 0"><span class='ocrx_word' id='word_1_195' title='bbox 0 0 1217 4067; x_wconf 95' lang='lat' dir='ltr'> </span> 
     </span>
    </p>
   </div>
  </div>
 </body>
</html>
