2400 4067
333 518 412 610 4&
521 516 838 599 onnrom

333 630 536 690 controversia
557 645 606 698 aut
620 630 650 688 in
664 631 857 690 contentione
875 625 1019 702 versetur,

332 712 363 770 in
379 731 437 784 eo,
458 726 507 768 aut
524 711 624 783 sime,
643 725 692 769 aut
707 708 777 792 quid
797 711 855 782 sit,
874 726 923 769 aut
938 711 1019 791 quale

332 793 385 864 sit,
402 792 554 872 quaeritur:
570 792 662 864 sitne,
684 791 791 872 signis:
812 790 884 871 quid
895 793 951 865 sit,
968 791 1019 852 de·

331 869 526 930 finitionibus:
541 870 627 951 quale
637 871 690 944 sir,
706 868 794 942 redi,
804 873 948 951 pravique
959 893 1020 952 par·

331 951 431 1010 tibus-t
453 950 556 1031 quibus
579 965 610 1008 ut
633 953 675 1009 uti
695 951 789 1030 possit
808 968 936 1024 orator,
961 973 1017 1011 non

331 1031 380 1090 ille
395 1030 541 1112 vulgaris,
555 1028 604 1090 sed
617 1029 664 1088 hic
675 1029 842 1105 excellens,
862 1053 879 1090 a
898 1035 1019 1113 propriis

331 1109 461 1191 personis
475 1108 701 1192 &temporibus
715 1109 853 1190 semper,
874 1113 900 1170 si
909 1111 1019 1192 potest,

330 1207 438 1262 avocat
453 1193 704 1251 controversiam:
725 1191 808 1250 latius
823 1193 903 1251 enim
919 1192 955 1252 de
969 1213 1020 1274 ge-

329 1291 418 1343 nere,
437 1270 526 1352 quim
536 1272 573 1332 de
605 1290 687 1342 arte,
700 1269 862 1352 disceptare
871 1271 959 1344 licet3
973 1291 1018 1346 ut,

318 1352 413 1432 -quod
423 1353 454 1409 in
464 1293 604 1412 universd)
611 1353 646 1411 sit
658 1352 837 1433 probatum,
854 1352 925 1412 idin
936 1370 1016 1434 parte

331 1434 368 1491 sit
380 1433 499 1513 probari
511 1429 635 1493 necesse.
752 1472 756 1477 ·

371 1511 421 1586 46.
439 1510 512 1572 Haec
523 1514 610 1594 igitur
622 1509 738 1593 quaestio
752 1513 911 1592 a-propriis
924 1512 1017 1592 perso-

331 1593 374 1650 nis
386 1591 610 1674 &temporibus
620 1637 629 1667 ,
641 1593 680 1651 ad
690 1595 817 1652 universi
829 1596 945 1674 generis
955 1615 1018 1653 ora-

243 1706 245 1710 ·
330 1675 444 1732 tionem
453 1672 603 1745 tradusla,
624 1673 786 1753 appellatur
797 1675 893 1732 thesis.
921 1671 954 1732 In
966 1670 1015 1733 hac

331 1751 504 1813 Aristoteles
518 1751 740 1826 adolescentes,
758 1772 819 1811 non
838 1752 876 1811 ad
890 1753 1016 1833 philoso-

330 1831 457 1912 phorum
467 1836 720 1904 moremtenuiter
737 1831 908 1908 disserendi,
922 1833 972 1895 sed
982 1835 1015 1894 ad

330 1914 447 1991 copiam
457 1913 626 1986 rhetorum,
639 1911 673 1972 in'
680 1931 772 1974 utram
794 1932 832 1972 ue
841 1930 974 1993 partem,
986 1934 1014 1975 ut

331 1995 480 2069 ornatius,
501 1993 659 2054 &uberius
671 1994 728 2053 dici
741 2015 781 2074 po
806 2010 854 2066 et,
870 1999 1015 2056 exercuit:

329 2073 467 2154 idemque
485 2073 590 2150 locos,
613 2076 653 2132 sic
667 2077 744 2134 enim
763 2073 914 2155 appellat,
941 2080 1016 2156 quasi

330 2172 569 2236 argumentorum
608 2170 721 2228 notas,
756 2153 906 2229 tradidit,
941 2157 1014 2217 unde
1057 2221 1060 2237 ι

331 2237 428 2296 omnis
463 2237 494 2295 in
532 2252 683 2317 utramque
713 2251 827 2316 partem
860 2235 1017 2298 traheretur
1054 2246 1056 2251 '

334 2333 441 2376 oratro.
726 2358 731 2365 ·

373 2395 445 2456 XV.
464 2394 560 2456 Facile
572 2397 657 2478 igitur
670 2394 717 2455 hic
730 2393 826 2457 noster
845 2393 923 2476 (non
942 2400 1015 2458 enim

331 2476 558 2537 declamatorem
572 2479 609 2546 ali
630 2497 697 2535 uem
713 2475 750 2536 de
764 2475 854 2550 ludo,
872 2496 922 2537 aut
936 2480 1016 2539 rabu-

331 2557 389 2614 lam
401 2556 438 2616 de
450 2555 538 2629 soro,
554 2499 813 2617 seddoslissimum
822 2558 854 2617 ὅ(
868 2558 1016 2639 persedis-

330 2639 435 2694 simum
451 2635 618 2718 quaerimus)
633 2637 776 2719 'quoniam
795 2636 854 2696 loci
874 2643 949 2699 certi
961 2658 1016 2699 rra-

331 2715 459 2789 duntur,
488 2733 638 2797 percurret
657 2735 791 2789 omnes;
822 2735 923 2778 utetur
947 2723 1016 2802 aptis

330 2799 512 2880 generatim3
534 2796 621 2858 discet
634 2818 670 2858 ex
683 2818 742 2878 quo
757 2817 896 2859 emanent
911 2803 1017 2872 etiam,

331 2880 382 2959 qui
399 2897 569 2938 communes
584 2877 766 2960 appellantur
776 2877 855 2936 loci:
875 2900 932 2940 nec
949 2884 1018 2942 vero

332 2976 429 3019 utetur
442 2958 640 3041 imprudenter
652 2959 706 3018 hac
726 2957 832 3038 copii,
850 2957 902 3020 sed
924 2966 1018 3022 omnia

334 3040 500 3120 expendet,
520 3040 552 3101 δι
568 3037 690 3121 seliget:
713 3040 872 3100 nonenim
890 3040 1018 3126 semper,
