2400 4067
321 475 398 549 232
447 454 523 523 Da
550 456 888 523 Iurrnrrorvrr

319 570 398 631 diam
410 590 537 653 captans.
554 571 587 632 In
598 571 653 631 hac
692 571 796 630 riminn
807 570 942 631 animum
956 586 1017 631 atur
1057 602 1060 606 Δ

317 651 421 713 ditonis
432 657 555 729 mitem,
575 653 608 713 δι
625 654 662 711 tn'
677 650 840 712 ericordem
857 650 1013 713 conficere

318 752 463 815 oportet,
484 737 542 817 quo
562 732 672 794 facilins
691 730 899 814 conquestione
919 754 1014 793 com·-

316 820 437 876 moveri
451 818 555 896 possit.
577 814 613 874 ld
627 813 700 873 locis
719 814 923 873 communibus
939 811 1009 876 effi.-

318 915 387 956 tere
406 897 587 977 oportebit,
606 915 660 977 per
676 915 752 976 quos
764 891 892 956 <fortunar
910 896 956 954 vis
975 898 1006 956 in

318 996 447 1051 omnes,
467 978 500 1037 &
522 977 675 1037 hominum
697 973 850 1034 infirmitas·
872 972 1013 1035 ostendier

316 1072 383 1116 tur:
398 1059 456 1137 qui
471 1061 608 1117 oratione
619 1056 716 1116 habita
729 1058 876 1137 grav-iter,
893 1056 925 1116 &
939 1054 1008 1116 sen-

316 1138 464 1212 tentiose,
491 1139 617 1199 maxime
639 1137 799 1197 demittitur
815 1139 927 1195 animus
946 1137 1012 1197 ho·-

315 1220 447 1293 minum,
463 1219 495 1280 &
512 1220 548 1279 ad
559 1217 785 1279 misericordiam
801 1234 1013 1298 comparatur;⁴

315 1320 406 1379 quum
425 1302 455 1360 in
478 1300 573 1361 alieno
599 1298 679 1360 malo
704 1298 783 1361 suam
799 1296 1010 1368 ,infirmitatem

315 1381 522 1441 considerabit.
992 1427 995 1432 »

361 1479 433 1539 107,
450 1460 571 1522 Deinde
591 1463 701 1543 primus
725 1460 808 1521 locus
830 1457 872 1521 est
894 1459 1012 1521 miseri·-

316 1544 446 1617 eordiae,
465 1564 522 1624 per
537 1563 650 1624 quem,
669 1542 773 1623 quibus,
788 1542 920 1602 inbonis
939 1542 1011 1603 fue·-

314 1624 398 1697 rint,
417 1624 566 1698 &¹nunc·‚
585 1624 689 1705 quibus
707 1626 738 1682 in
756 1624 837 1681 malis
855 1624 935 1695 sint,
954 1644 1007 1682 osf

314 1704 454 1765 tenditur.
475 1704 651 1779 Secundus,
674 1706 724 1785 qui
745 1704 774 1762 in
794 1720 931 1783 tempora
950 1704 1012 1762 tri·

314 1784 436 1860 buitur,
457 1807 511 1866 pet
530 1806 644 1868 quem,
664 1781 768 1866 quibus
786 1787 816 1844 in
836 1783 919 1843 malis
938 1781 1008 1845 fue-

232 1862 237 1872 ’
313 1867 391 1942 rint,
405 1867 442 1927 &
451 1870 529 1941 sint,
545 1867 578 1926 &
590 1866 679 1925 futuri
691 1868 748 1924 sint
758 1910 768 1938 ‚
780 1862 1012 1925 demonstratur.⁴

313 1944 452 2021 Tertius,
470 1957 627 2030 perquem
646 1946 877 2025 unumquodque
894 1945 931 2006 de
954 1942 1014 2006 lo·-¹

313 2044 392 2087 ratur
415 2028 669 2100 incommodum,
694 2043 725 2086 ut
748 2031 778 2086 in
801 2043 897 2087 morte
945 2028 1007 2102 lii,

312 2111 445 2189 pueritiae
456 2108 611 2169 deledatio
623 2153 632 2181 ,
647 2130 746 2181 amor,
758 2106 840 2187 spes,
851 2106 1003 2182 solatium,

313 2190 475 2263 educatio,
501 2190 559 2261 &‚
584 2192 608 2247 si
630 2210 686 2270 qua
709 2190 793 2249 simili
814 2191 844 2247 in
868 2208 1011 2269 genere,

312 2271 445 2350 quolibet
468 2270 504 2330 de
526 2270 720 2330 incommodo
741 2291 794 2351 per
814 2268 1011 2350 conquestio-

312 2370 383 2411 nem
403 2352 459 2411 dici
479 2368 631 2432 poterunt.
659 2351 813 2431 Quartus,
839 2371 892 2430 per
913 2371 1003 2431 quem

214 2434 217 2438 ’
313 2452 360 2491 res
375 2453 492 2513 turpes,
510 2433 542 2491 ὃ(
555 2433 701 2504 humiles,
720 2431 917 2491 &illiberales
932 2453 1005 2512 pro·

311 2510 463 2585 ferentur,
484 2513 517 2571 &
533 2513 661 2594 indignae
675 2526 779 2585 aetate,
797 2532 924 2594 genere,
943 2512 1012 2572 for·-

311 2593 410 2666 tuni,
429 2590 548 2672 pristino
577 2595 718 2666 honore,
738 2591 909 2665 beneficiis;
931 2614 1010 2673 quas

310 2674 409 2753 passi,
427 2672 624 2754 perpellunve
638 2675 705 2730 sint.
724 2672 852 2751 Quintus
869 2671 929 2746 est,
949 2695 1012 2755 per*

310 2773 401 2833 quern
425 2757 523 2813 omnia
546 2771 618 2813 ante
640 2752 747 2813 oculos:
765 2754 929 2835 singillatim
954 2758 1004 2822 inr-

310 2835 472 2893 commoda
493 2851 664 2914 ponentur,
684 2848 718 2893 ut
735 2834 867 2895 videatur
886 2838 931 2907 is,
953 2840 1008 2917 qui

309 2913 413 2987 audit,
432 2914 557 2987 videre,
579 2916 612 2973 &
628 2934 660 2973 re
680 2936 797 2997 quoque
819 2916 901 2996 ipsi,
920 2920 1011 2997 quusi}

254 3020 259 3031 1
309 2994 492 3138 ffi‚dnon
516 2996 616 3058 verbis
639 2994 752 3073 solum,
776 2997 815 3058 ad
839 2996 1015 3071 misericorss

392 3123 395 3130 ·
429 3092 548 3141 Utatur*
561 3136 570 3151 ,

181 3119 348 3364 ἢ
