2400 4067
306 527 385 610 '320
438 514 515 581 Dr
542 508 877 581 lurunrronn

307 627 346 688 de
366 627 470 709 quibus
490 625 627 707 scriptum
647 626 707 698 sit,
731 622 853 705 intelligi
871 627 1003 705 possint.

307 705 429 769 Deinde
448 731 472 769 ae
493 711 565 768 uitas
584 709 626 767 rei
643 702 867 767 demonstranda
881 703 948 785 est,
966 725 999 769 ut

307 790 337 849 in
355 730 506 869 juridiciaili
521 786 663 848 absohrta.

354 888 420 951 15¹·
437 869 550 931 Contri
568 885 664 929 autern
681 870 730 951 qui
745 868 844 942 dicet,
865 870 1003 931 similitu·

310 950 409 1010 dinem
427 950 571 1010 infirmare
589 950 731 1010 debebit:
748 949 828 1031 quod
844 947 955 1026 faciet,
976 954 1004 1011 si

309 1030 538 1105 demonstrabit,
553 1031 644 1105 illud,
661 1030 742 1112 quod
757 1029 945 1104 conferatur,
961 1032 997 1092 ab

309 1131 369 1185 eo,
384 1115 430 1171 cui
445 1111 625 1185 conferatur,
640 1110 784 1173 diversum
799 1108 858 1171 elle
870 1131 1002 1195 genere,

307 1193 429 1267 narmi,
442 1197 491 1267 vi,
506 1192 724 1274 magnitudine,
737 1209 873 1273 tempore
883 1238 895 1268 ,
907 1192 998 1267 loco,

309 1271 457 1353 persona,
481 1276 622 1355 opinione
643 1294 650 1331 ε
673 1274 721 1345 si,
742 1276 851 1353 quoin
871 1293 994 1335 numero

307 1353 400 1427 illud,
418 1355 499 1436 quod
513 1375 566 1436 per
581 1353 797 1413 similitudinem
812 1350 951 1429 affertur,
966 1356 997 1416 &

312 1455 372 1515 quo
393 1437 423 1495 in
442 1437 511 1496 loco
532 1435 626 1508 illud,
652 1436 732 1513 cujus
752 1433 837 1493 causi
857 1432 975 1496 affertur
989 1481 1003 1510 ‚⁴

310 1513 411 1575 haberi
436 1520 591 1578 conveniat
609 1561 625 1590 ‚p
645 1514 822 1575 ostendetur.
850 1513 1003 1591 Deinde,

311 1596 381 1677 quid
397 1616 441 1656 res
455 1620 520 1656 cum
535 1618 566 1658 re
583 1593 718 1667 differat,
738 1594 1002 1671 demonstrabitur,

312 1693 426 1737 utnon
449 1680 527 1738 idem
549 1678 683 1740 videatur
701 1676 739 1736 de
758 1693 880 1757 utraque
903 1675 1000 1739 existi-

312 1760 386 1817 mari
402 1776 551 1839 oportere.
570 1757 640 1831 Ac,
661 1760 684 1816 si
700 1756 759 1839 ipse
776 1778 895 1840 quoque
913 1775 1004 1840 pote-

311 1840 348 1897 rit
365 1839 631 1898 ratiocinationibus
646 1841 710 1911 uti,
728 1836 828 1897 iisdem
845 1842 1004 1899 ratiocina-

311 1919 459 1992 tionibus,
477 1920 579 1999 quibus
596 1918 663 1977 ante
680 1917 786 1977 ditium
800 1915 863 1993 est,
879 1937 999 1981 utetur:

312 2000 421 2058 sinon
443 2001 579 2080 poterit,
606 1999 725 2081 negabit
748 2015 886 2080 oportere
912 2000 1005 2083 quid-

313 2101 424 2161 quam,
447 2082 501 2139 nisi
524 2079 605 2161 quod
625 2078 758 2161 scriptum
781 2083 839 2154 sit,
861 2082 1001 2143 conside·

312 2181 376 2222 rare
391 2182 397 2219 :
413 2162 568 2242 periclitari
585 2164 683 2220 omnia
698 2160 780 2241 jura,
801 2162 824 2220 si
839 2163 1004 2223 similitudi·

314 2262 367 2303 nes
394 2243 595 2323 accipiantur:
617 2243 686 2302 nihil
712 2241 768 2302 elle
792 2262 895 2323 pene,
920 2244 1006 2325 quod

313 2344 376 2385 non
390 2324 472 2384 alteri
486 2324 577 2385 simile
592 2322 648 2385 elle
662 2323 795 2383 videatur
811 2343 818 2380 z
833 2322 932 2383 multis
945 2325 1007 2384 dis-

313 2404 454 2465 similibus
465 2406 568 2480 rebus,
578 2407 608 2463 in
621 2424 854 2484 unamquamque
865 2424 930 2464 rem
943 2422 1011 2466 tan·

314 2487 378 2544 tirm
396 2487 521 2567 singulas
542 2486 598 2546 elle
617 2486 719 2567 leges:
736 2487 834 2544 omnia
853 2484 935 2565 polle
955 2489 1006 2547 in-

315 2581 361 2624 rer
374 2563 402 2624 se
416 2565 465 2627 vel
484 2566 586 2625 similia
600 2611 611 2641 ‚
633 2567 683 2628 vel
701 2565 845 2626 dissimilia
859 2565 1007 2629 demons-

313 2661 390 2705 tran.

361 2742 425 2805 ¹52·
444 2724 517 2785 Loci
535 2748 707 2787 communes
724 2750 741 2787 a
757 2729 981 2790 ratiocinatione
995 2751 1007 2804 ;

316 2822 457 2887 oportere
477 2804 642 2887 conjediurri
662 2829 697 2868 ex
712 2829 749 2868 eo
770 2808 850 2889 quod
866 2807 1007 2891 scriptum

315 2891 373 2959 sit,
395 2887 431 2946 ad
448 2887 478 2947 id
494 2888 573 2969 quod
589 2910 651 2948 non
670 2892 704 2948 sit
721 2887 878 2969 scriptum,
898 2911 1009 2971 pervc-

288 2981 292 2986 '
316 2971 378 3029 nire
400 2990 407 3027 :
428 2969 460 3030 &
484 2972 632 3030 neminem
655 2968 736 3049 pollo
757 2989 860 3029 omnes
884 2990 932 3031 res
955 2993 1010 3053 per

314 3046 484 3133 scripttuam
497 3051 654 3137 amplecii‚
672 3049 806 3113 sedeunt
827 3053 1018 3124 commodes

185 3115 315 3270 q
