2400 4067
252 489 327 561 116
388 490 871 556 Rnrronzconvn
917 502 920 553 5

248 603 339 671 diosam
352 620 428 657 artem
445 607 569 660 dicemus,
587 603 642 667 quia
660 599 807 650 desidiosos
825 599 879 650 facit
890 594 918 651 :i

247 680 323 748 frigus
340 681 450 748 pigrum,
471 679 525 744 quia
544 677 627 743 pigros
648 674 719 722 facit.
743 670 790 723 Ab
812 690 864 733 eo,
918 692 920 697 ·

248 754 379 811 continet,
394 754 437 809 id,
453 752 519 816 quod
535 750 692 806 continetur,
709 748 763 796 hoc
783 747 861 797 modo

248 828 377 877 minabitur
396 843 403 875 ε
423 825 504 873 Armis
526 822 597 872 italia
616 839 664 870 non
685 820 775 887 potest
795 820 883 877 vinci,

251 897 343 948 Gracia
360 895 516 965 disciplinis:
535 914 588 945 nam
608 893 647 943 hic
665 911 715 958 pro
736 892 884 946 Graecis&
918 946 921 957 ,

248 975 298 1031 tis,
320 989 373 1037 quae
396 972 523 1020 continent
542 981 625 1019 notata
649 967 714 1016 sunt.
738 967 783 1017 Ab
811 962 921 1035 emti

249 1045 406 1102 continetur,
425 1045 468 1100 id,
487 1044 552 1109 quod
571 1041 703 1098 continet,
722 1052 773 1099 ut,
795 1041 819 1090 si
840 1041 885 1108 quis
896 1054 919 1089 tt

248 1135 321 1175 rum,
344 1119 384 1166 vel
402 1129 546 1184 argentum,
571 1126 613 1163 aut
632 1114 694 1162 ebur
716 1115 858 1172 nominet,
877 1128 919 1180 qn

249 1192 344 1241 duritias
361 1191 422 1239 velit
439 1191 572 1247 nominare.
592 1187 685 1236 Harum
704 1188 826 1238 omniurn
842 1186 919 1239 desti

248 1265 373 1314 nationum
391 1263 464 1330 magis
478 1263 503 1310 in
521 1260 686 1325 praecipiendo
706 1261 828 1319 divisio,
846 1259 921 1328 φιὲωἰ

248 1337 382 1405 querendo
397 1335 498 1384 difficilis
513 1334 622 1382 inventio
640 1331 694 1389 est,
713 1332 781 1384 ideo
802 1332 921 1402 quidplus

249 1411 402 1461 consuetudo
418 1409 451 1458 est
467 1425 517 1458 non
531 1405 604 1456 modi>
619 1407 755 1471 poetarum
769 1408 799 1458 ὅ(
812 1421 921 1462 oratonm

249 1484 380 1534 sedetiam
399 1481 532 1549 quotidiani
552 1479 685 1538 sermonis,
704 1479 856 1546 hujusmodi
874 1483 922 1531 den

248 1557 416 1607 minationum.
435 1555 553 1605 Circuitio
568 1553 602 1602 est
620 1555 725 1612 oratio,
741 1570 800 1604 tem
822 1554 922 1621 simplius

249 1630 388 1696 affumptam
403 1628 597 1678 circumscribens
613 1625 781 1689 eloeutio'ne,
798 1629 850 1680 hoc
864 1627 922 1696 pado:

250 1704 372 1771 Scipionis
393 1701 546 1770 providentia
566 1735 574 1755 ,
602 1699 759 1768 Carthaginis
785 1720 848 1770 opes
868 1701 922 1771 mil

250 1779 313 1827 Nam
330 1777 388 1833 hic,
406 1775 450 1823 nisi
471 1774 569 1822 ornandi
586 1773 647 1821 ratio
665 1775 786 1835 quaedam
804 1776 866 1827 effet
882 1775 923 1825 hihi

248 1860 293 1907 ta,
312 1849 394 1916 Scipio
402 1848 499 1914 potuit,
520 1847 546 1897 δι
559 1844 683 1913 Carthago
695 1847 853 1916 simpliciter
868 1848 923 1918 eppei

248 1923 303 1974 lari.
527 1942 531 1953 ¹

202 2006 205 2015 ·
287 2010 333 2057 44.
344 1992 516 2062 Transgressio
531 1991 580 2051 est,
599 2009 652 2060 quae
667 1995 810 2047 verborum
825 1996 923 2064 perturba

249 2070 359 2119 ordinem
375 2069 553 2134 periersiono,
574 2078 616 2115 aut
630 2066 827 2131 transjettione.
849 2070 923 2120 Portet

250 2144 319 2192 sione
340 2142 374 2191 sic
396 2157 404 2190 t
427 2140 482 2191 Hoc
503 2138 569 2189 vobis
593 2141 648 2188 deos
668 2139 826 2194 immortales
849 2142 923 2193 arbim

250 2213 335 2280 dediffe
350 2216 440 2281 pietate
455 2231 499 2280 pro
515 2213 598 2275 restra.
619 2212 817 2277 Transjettione
835 2218 882 2267 hoc
896 2230 923 2265 mo

251 2290 283 2338 do
302 2305 309 2339 τ
328 2283 448 2350 instabilis
465 2288 490 2336 in
510 2286 575 2348 istum
592 2285 719 2353 plurimtim
735 2287 848 2353 fortuna
865 2288 924 2340 valui

250 2363 332 2420 Item,
353 2362 440 2424 Omnes
459 2357 573 2410 insidiosi
596 2359 683 2425 eripuit
701 2359 750 2409 tibi
772 2361 837 2413 bene
857 2365 924 2413 nivem

251 2433 317 2502 casus
328 2434 468 2501 facultates.
487 2433 629 2492 Huiusmodi
645 2432 811 2498 transjediim
829 2455 885 2505 quae
897 2452 924 2486 ru

250 2525 301 2559 non
316 2508 397 2558 reddit
415 2507 559 2563 obscuram,
578 2502 678 2555 multum
698 2509 817 2571 proderit
838 2511 870 2559 ad
887 2525 924 2558 con

250 2581 418 2637 tinuationes,
433 2579 463 2628 de
482 2578 567 2644 quibus
585 2577 641 2628 anti
659 2578 749 2629 ditium
768 2581 805 2632 est
826 2598 835 2632 t
857 2584 881 2632 in
896 2581 924 2649 qd

250 2655 295 2702 bus
312 2665 411 2718 oportet
426 2654 517 2709 verba,
538 2653 601 2702 sicut
620 2669 633 2701 a
651 2653 751 2716 poetis,
773 2655 801 2704 in
820 2656 925 2723 quemdu

251 2726 373 2776 exstruere
390 2743 531 2783 numerum,
548 2738 575 2776 ut
589 2724 696 2793 perfetid
712 2725 738 2776 dt
754 2729 925 2796 perpolitissin

251 2800 346 2868 possint
362 2799 409 2848 esse
426 2800 550 2849 absolutae.

290 2872 441 2924 XXXIII.
461 2872 598 2939 Superdatio
612 2870 645 2921 est
657 2871 736 2922 oratio
750 2873 875 2942 superans
887 2893 924 2925 vet

253 2959 347 3006 tatem,
362 2946 462 3012 alicujus
478 2946 599 3015 augendi,
617 2945 775 2997 minuendive
789 2951 878 3000 causi.
890 2951 925 3000 Hs

254 3021 351 3074 sumitur
367 3021 511 3092 separatim,
528 3032 570 3072 aut
586 3035 641 3071 cum
658 3022 860 3090 comparatione.
875 3025 925 3090 Sep:
