2400 4067
335 462 413 536 234
461 443 534 511 Ds
560 445 901 514 ΙΝγεΝτιοΝιε4

332 573 365 616 ut
380 579 397 616 a
411 574 550 638 parente,
564 556 646 631 filio,
661 555 768 632 fratre,
788 556 931 617 familiari.
945 554 1030 619 Ter·

333 638 542 713 tiusdecimus,
559 659 613 720 per
630 658 719 719 quem
735 660 802 698 cum
819 638 1023 719 indignatione

333 722 560 800 conquerimur,
580 718 660 803 qubd
677 722 712 779 ab
732 721 790 793 iis,
811 741 827 778 a
846 720 953 801 quibus
969 724 1026 780 mi·

333 802 412 861 nime
426 802 607 875 conveniat,
622 800 697 861 male
711 800 886 874 trademur,
906 804 1025 882 propin·

335 884 418 962 quis,
432 885 531 941 amicis
542 927 552 955 ,
565 882 669 963 quibus
681 880 933 956 benefecerimus,
949 904 1023 963 quos

334 960 483 1040 adjutores
500 962 564 1025 sore
584 964 780 1043 putaverimus
794 982 803 1035 ;
821 977 902 1023 auta
940 964 1023 1024 uibus

333 1042 484 1125 indignum
501 1042 565 1115 est,
581 1061 613 1103 ut
630 1042 738 1118 servis,
756 1044 889 1118 libertis,
908 984 1025 1106 clienti-

334 1123 409 1195 bus,
425 1124 610 1205 supplicibus.

376 1203 458 1265 LVI.
479 1203 765 1285 Quartusdecimus,
789 1205 839 1285 qui
859 1223 914 1285 per
935 1204 1023 1267 obse-

333 1286 496 1347 crationem
511 1286 629 1346 sumitur
646 1306 652 1343 :
671 1286 700 1343 in
716 1306 775 1365 quo
793 1301 912 1345 orantur
930 1286 1022 1349 mod‘o

333 1366 398 1439 illi,
419 1370 467 1447 qui
485 1365 625 1438 audiunt,
642 1366 742 1427 humili
761 1366 933 1446 &supplici
952 1390 1021 1427 ora·

334 1448 438 1521 tione,
460 1465 492 1507 ut
509 1447 706 1509 misereantur.
732 1445 1021 1525 Quintusdecimus,

334 1548 495 1609 perquem
519 1550 581 1587 non
602 1525 732 1599 nostras,
752 1525 801 1586 sed
824 1548 954 1603 eorum,
974 1531 1022 1609 qui

336 1611 394 1667 cari
410 1610 495 1670 nobis
512 1608 622 1671 debent
639 1605 716 1681 effe,
734 1605 865 1667 fortunas
882 1611 1022 1691 conqueri

237 1711 242 1724 ’
335 1710 391 1758 nos
418 1688 659 1751 demonstramus.
687 1686 926 1749 Sextusdecimus
954 1688 1022 1765 est,

335 1790 493 1851 perquem
510 1773 639 1830 animum
658 1766 786 1827 nostrum
803 1771 834 1829 in
850 1768 923 1830 alios
941 1770 1022 1831 mise·

322 1849 481 1913 .ricordem
497 1848 553 1912 esse
571 1847 771 1922 ostendimus3
792 1850 825 1909 &
843 1866 945 1911 tamen
964 1873 1022 1912 atn-

334 1931 437 2011 plum,
457 1932 489 1991 &
506 1928 672 2001 excelsum,
693 1929 725 1988 &
740 1933 900 2009 patientem
914 1928 1023 1992 incom-

273 2024 278 2036 '
334 2012 494 2072 modorum
513 2008 570 2071 effe
584 2055 594 2084 ,
616 2010 649 2069 &
665 2008 793 2069 futurum
810 2008 893 2083 esse,
913 2015 938 2072 si
954 2013 1021 2095 quid

179 3249 326 3429 ἢ,

334 2093 491 2166 acciderit,
511 2088 751 2151 demonstramus.
772 2090 850 2154 Nam
866 2090 944 2174 saepe
961 2097 1021 2156 vir.

335 2190 403 2247 tus,
424 2176 456 2233 &
472 2194 520 2233 ma
542 2170 706 2245 nificentia,
724 2172 752 2231 in
772 2194 829 2253 qua
847 2176 974 2254 gravitas
992 2176 1021 2237 &

334 2254 489 2318 auctoritas
508 2194 571 2327 eil,
593 2254 657 2335 plus
675 2251 790 2334 proficit
807 2252 844 2313 ad
860 2251 1023 2316 misericor·

336 2337 416 2397 diam
441 2335 717 2408 commovendam,
740 2333 827 2415 quim
853 2334 1023 2413 humilitas,

335 2420 370 2481 &
390 2416 562 2480 obsecratio.
588 2413 757 2476 Commoris
777 2434 875 2479 autem
896 2421 1023 2492 animis,

337 2500 443 2561 diutius
458 2500 487 2556 in
506 2520 563 2557 con
585 2495 715 2559 uestione
732 2498 840 2557 morati
856 2518 918 2559 non
936 2521 1026 2580 opor·

335 2581 419 2640 tebit.
447 2520 709 2656 Quemadmodum
730 2580 809 2637 enim
832 2576 901 2639 dixit
923 2580 1024 2641 rhetor

334 2659 539 2741 Apollonius,
563 2657 686 2739 lacrymd
712 2659 785 2719 nihil
809 2660 892 2722 citius
916 2661 1025 2741 arescit.

335 2740 397 2804 Sed
418 2744 557 2824 quoniam
582 2740 615 2800 &
640 2738 727 2811 satis,
750 2755 783 2799 ut
806 2739 966 2815 videmur,
987 2741 1025 2801 de

337 2826 473 2885 omnibus
497 2821 624 2904 partibus
648 2822 787 2881 orationis
810 2820 932 2880 diximus
951 2844 961 2895 ;
993 2822 1025 2883 &

335 2902 420 2984 hujus
442 2904 599 2968 voluminis
623 2902 793 2984 magnitudo
817 2902 934 2985 longius
955 2925 1027 2984 pro-

337 2989 448 3057 cessim
469 3007 533 3065 quae
556 2982 711 3062 sequuntur
738 2984 902 3070 deinceps,
925 2986 956 3049 iu
981 2983 1028 3052 see

338 3066 436 3131 cundo
451 3065 526 3131 libro
545 3064 685 3130 dicemus.
