2400 4067
350 487 422 561 352
495 470 877 537 Pnnrrrronns

333 581 434 643 .serti:
458 581 647 658 coaedificati,
665 604 702 643 an
720 580 816 644 vasti:
840 580 971 656 obscuri,
986 601 1016 643 au

343 684 441 724 rerum
455 663 597 748 gestarum
611 661 735 748 vestigiis
745 663 909 724 nobilitati:
925 662 1017 726 conse·

331 748 416 805 crati
426 753 438 819 ,'
453 768 490 806 an
507 745 633 828 profani.
811 772 814 777 ·

330 863 343 870 --
386 825 440 886 xl.
461 827 494 886 In
517 826 699 908 temporibus
716 841 838 899 autem,
855 823 1016 906 presentie,

345 905 379 966 ὃ(
389 911 553 987 praeterita,
574 909 608 968 &
619 906 714 967 futura
726 923 884 967 cernuntur
902 927 910 966 ε
933 909 966 967 in
981 907 1015 966 his

329 989 433 1068 ipsis,
450 987 586 1062 vetusta,
610 991 760 1061 recentia,
784 985 919 1047 instantia
937 987 1016 1069 pauli

343 1066 432 1148 pust,
450 1086 499 1128 aut
517 1069 672 1151 aliquando
688 1068 791 1129 futura.
817 1066 919 1128 Insunt
938 1071 1018 1129 etiam

343 1151 374 1208 in
384 1151 565 1231 temporibus
577 1150 643 1224 illa,
660 1171 723 1231 quae
734 1152 878 1230 temporis
881 1151 969 1290 Ipuasi
976 1171 1018 1209 na-

343 1244 438 1289 turam
452 1247 575 1304 notant,
588 1247 621 1290 ut
638 1231 749 1303 hiems,
765 1251 837 1304 ver,
855 1252 881 1290 ae
906 1251 956 1305 as,
972 1251 1018 1290 au·

328 1325 482 1386 -rumnus;
501 1329 550 1373 aut
563 1314 631 1372 anni
640 1326 793 1391 temporis,
811 1328 844 1371 ut
854 1313 979 1385 metuis,
992 1327 1018 1371 ut

343 1389 407 1452 dies
417 1400 477 1468 ,ut
490 1415 570 1468 nox,
586 1392 677 1467 hora,
694 1390 872 1474 tempestas,
888 1413 955 1474 quae
962 1390 1017 1453 sunt

344 1474 495 1534 naturalia.
521 1474 652 1536 Fortuita
661 1490 777 1548 autem,
789 1471 946 1549 sacrificia,
963 1471 1017 1535 festi

346 1553 426 1627 dies,
444 1558 561 1637 nuptiae.

388 1636 437 1714 38.
458 1637 523 1698 Jatn
543 1637 637 1711 suaa,
665 1636 697 1698 ὅ(
712 1651 855 1710 eventus,
881 1651 933 1697 aut
952 1656 1020 1697 cou-

344 1717 399 1777 silii
410 1717 493 1793 sunt,
509 1726 558 1779 'aut
569 1718 770 1799 imprudentiae
781 1737 791 1790 3
802 1738 868 1800 quae
885 1716 928 1778 est
939 1719 1018 1778 autin

346 1796 434 1872 casu,
457 1815 506 1860 aut
524 1801 555 1858 in
573 1798 698 1879 quadam
721 1800 808 1858 animi
825 1802 1017 1879 permotione.

346 1875 439 1952 Casu,
453 1900 542 1960 quum
556 1880 639 1958 aliter
652 1878 772 1951 accidit,
787 1901 820 1938 ac
832 1895 968 1960 putatum
979 1881 1019 1939 sit.

344 1956 553 2033 Permotione,
565 1979 655 2041 quum
665 1977 713 2019 aut
723 1959 855 2033 oblivio,
871 1978 920 2021 aut
930 1981 1019 2034 error,

345 2056 395 2099 aut
415 2057 530 2114 metus,
561 2057 610 2100 aut
632 2041 727 2121 aliqua
746 2041 912 2122 cupiditatis
946 2040 1017 2102 causa

345 2125 503 2202 permovit.
524 2119 572 2182 Est
583 2125 670 2182 etiarn
678 2125 707 2182 in
717 2118 916 2202 impmdentid
924 2143 1018 2184 neces·

346 2204 413 2261 sitas
427 2203 577 2284 ponenda.
601 2203 711 2265 Rerum
722 2220 820 2264 autern
830 2204 976 2265 honarum
990 2205 1017 2264 δι

347 2284 486 2345 malarum
495 2287 549 2345 tria
561 2283 624 2344 sunt
634 2305 741 2368 genera
758 2305 765 2343 :
784 2306 852 2344 nam
863 2302 913 2345 aut
922 2288 952 2346 in
964 2288 1018 2346 ani-

348 2368 422 2439 mis,
448 2384 497 2427 aut
520 2369 549 2426 in
573 2367 765 2447 corporibus,
788 2382 837 2425 aut
862 2367 946 2427 extri
969 2363 1017 2428 effe

347 2445 473 2526 poffunt.
507 2443 602 2524 Hujus
618 2449 704 2529 igitur
720 2449 870 2521 materiae,
887 2447 926 2508 ad
943 2466 1019 2531 argu·

347 2544 478 2607 mentum
506 2525 665 2606 suhjeih,
697 2525 902 2608 perlustrandae
929 2531 1018 2592 animo

347 2624 444 2686 partes
461 2624 544 2668 erunt
563 2628 684 2681 omnes,
703 2609 735 2668 &
748 2608 840 2682 adid,
859 2610 943 2690 quod
958 2629 1020 2692 age·

327 2736 330 2743 .
346 2703 409 2758 tur,
425 2707 461 2748 ex
471 2687 587 2768 singulis
597 2685 763 2768 conjectura
773 2689 927 2770 capienda.
963 2732 966 2738 -

391 2785 439 2845 39.
472 2766 521 2828 Est
548 2771 636 2829 etiam
665 2789 765 2851 genus,
786 2788 1021 2853 argumentorum

347 2847 443 2923 aliud,
461 2848 541 2932 quod
559 2870 596 2910 ex
613 2848 680 2910 fatti
696 2849 821 2933 vestigiis
838 2850 978 2926 sumitur,
994 2869 1022 2912 ut
1059 2861 1062 2868 '

347 2930 457 3005 telum,
483 2953 587 3004 cruor,
609 2931 718 2992 clamor
737 2932 853 3008 editus,
871 2935 1025 3005 titubatio,

347 3011 1028 3093 pernuntiocoloris,ornionconstans,tr‚e·
