2400 4067
254 468 303 562 58
369 468 879 539 Runnoniconunt,

252 587 338 645 minis.
351 597 393 635 aut
404 586 485 644 urbis,
498 597 539 634 anst
550 585 612 642 loci,
629 597 669 633 aut
680 583 716 633 tei
726 581 867 650 cujuspiam
885 602 952 636 com·

251 662 429 729 pellationem,
445 660 493 709 hnc
503 659 577 708 modo
590 675 597 708 ι
611 656 645 706 Te
655 674 716 707 nune
726 656 862 724 alloquor,
878 657 952 726 Afri·

251 752 327 792 sane,
341 733 405 800 eujus
416 731 504 782 mortui
512 749 601 799 quoque
615 747 698 781 nomen
710 726 844 799 splendori
861 750 894 782 aa
911 735 953 783 da·

250 809 302 860 cori
311 807 344 870 est
354 805 457 857 ciuitati.
477 805 523 856 Tui
533 804 657 856 clarissimi
666 819 764 872 nepotes
771 800 821 871 suo
828 801 951 876 sanguina

249 881 360 932 alaeam
375 879 521 930 inimicorum
535 878 708 930 crudelitatem.
725 878 814 937 Item,
836 878 862 930 0
877 878 950 950 parfi-

250 952 321 1022 diosae
336 953 470 1023 Fregellae,
490 953 557 1021 quim
568 950 645 1020 facili
656 948 747 1019 scelere
762 951 844 1014 uestro
861 970 950 1004 coneo-
983 960 986 1015 Ι

247 1028 327 1091 buisiis
340 1027 350 1076 l
364 1042 409 1085 ut,
428 1027 491 1094 cujus
508 1028 575 1077 nitor
584 1026 646 1076 urbis
662 1025 761 1074 ltaliam
776 1044 859 1095 nuper
874 1027 948 1078 illus·
983 1018 986 1081 l

247 1102 340 1159 erasit,
357 1099 405 1168 ejus
420 1101 534 1150 nunctis
544 1097 752 1167 fiandamentorum
765 1100 881 1168 reliquia
902 1120 948 1151 na·
984 1094 986 1157 f

247 1189 329 1226 noane.
342 1175 420 1237 Item,
433 1173 555 1224 Bonorum
565 1173 715 1224 insidiatores
725 1172 864 1225 latrocinio
874 1174 948 1225 uitam

247 1247 433 1301 innocentissimi
451 1243 556 1314 cujusque
571 1247 663 1315 petistis
678 1263 686 1296 :
701 1259 830 1298 tantamne
850 1265 884 1299 ass
901 1248 948 1299 ini·

248 1321 338 1392 quitata
346 1320 488 1388 judiciorum
499 1319 579 1383 restris
595 1319 719 1370 calumniis
733 1316 855 1386 affaminis
867 1320 948 1389 sacal·

248 1395 341 1446 tatem?
355 1394 407 1446 Hac
419 1394 595 1446 exclamatione
606 1394 627 1445 si
637 1394 695 1444 loco
705 1404 825 1454 utemur,
841 1396 869 1448 δι
879 1394 946 1456 tatis,

249 1469 278 1522 &
295 1486 369 1536 quum
386 1469 423 1519 rei
441 1468 582 1537 magnitudo
600 1467 721 1534 postulare
739 1465 899 1530 videbitur,
918 1469 945 1520 aci

248 1560 319 1610 quam
330 1544 439 1594 volemus
448 1542 638 1611 indignationem
653 1542 757 1592 animum
771 1542 900 1595 auditoris
910 1543 947 1593 ad·

249 1618 374 1668 ducemus.
392 1616 555 1684 Interrogatio
572 1632 621 1666 non
635 1615 711 1666 omnis
725 1613 810 1684 gravis
828 1616 887 1677 est,
906 1632 946 1667 ne·

249 1708 296 1757 qne
314 1691 450 1749 concinna,
470 1689 510 1740 sed
526 1691 598 1748 haec,
620 1706 692 1756 quae,
708 1705 783 1754 quusn
802 1703 943 1743 enumerata

249 1766 303 1815 sunt
318 1781 364 1822 ea,
382 1780 436 1830 quae
453 1761 540 1812 obsunt
555 1761 631 1813 causae
647 1761 867 1825 adversariorum,
887 1780 944 1815 con·

247 1836 326 1888 firmat
344 1836 491 1900 superiorem
508 1836 663 1893 orationem,
684 1836 732 1885 hoc
750 1835 828 1902 ριᾶο
844 1853 854 1890 2
870 1836 944 1911 Qua·

248 1910 322 1979 igitur
335 1910 381 1958 liae
396 1908 474 1958 omnia
483 1904 596 1974 faceres,
616 1907 723 1967 diceres,
744 1909 944 1975 administrans,

248 1982 325 2033 aerim
335 1981 424 2031 animos
435 1977 554 2048 sociorum
568 1981 597 2031 ab
608 1980 729 2049 republica
745 1983 907 2047 removebat,
923 1984 944 2035 6·

250 2055 391 2112 almucias,
410 2073 441 2104 an
458 2054 530 2105 non?
550 2055 600 2114 Et,
619 2055 694 2105 saaraim
711 2054 819 2123 aliquem
834 2055 944 2111 exornari

249 2129 356 2198 oportuit
366 2163 375 2186 ,
395 2128 434 2195 qui
443 2127 486 2192 ista
493 2127 629 2196 prohiberet
639 2162 648 2185 ,
667 2145 695 2178 aa
700 2127 761 2197 fieri
770 2146 826 2181 non
838 2130 943 2189 ahares,

249 2221 281 2254 an
295 2202 367 2253 non?

287 2277 361 2329 xvl.
378 2273 542 2328 Ratiocinatio
560 2274 614 2334 est,
631 2291 676 2341 per
693 2292 764 2343 quam
779 2275 831 2344 ipsi
849 2277 942 2339 annisis

250 2352 369 2402 rationem
383 2350 522 2417 poscimus,
544 2367 618 2416 quate
635 2349 740 2416 quidque
760 2351 898 2414 dicamus,
918 2352 942 2403 ἃ

252 2424 338 2476 crebri>
353 2425 446 2475 nosmet
457 2441 471 2474 a
486 2424 555 2473 nobis
566 2424 669 2488 petimus
680 2422 874 2494 uniuscujusque
887 2442 944 2495 pso·

251 2499 378 2566 positionis
394 2497 608 2562 explanationem:
623 2512 652 2545 cu
666 2494 700 2545 est
714 2495 871 2563 hujusmodi.
886 2498 942 2551 Ma·

244 2572 313 2637 jores
331 2569 403 2633 nostri
421 2569 524 2635 siquam
540 2567 607 2617 unius
624 2569 720 2636 peccati
733 2570 864 2623 mulierem
878 2573 942 2623 dn·

251 2642 341 2692 nabunt
359 2676 368 2698 ‚
393 2640 495 2709 simplici
509 2639 602 2706 judicio
622 2641 747 2692 multorum
770 2645 941 2716 maleficiam

252 2715 380 2766 tonsillam
393 2713 528 2783 putabant:
547 2732 591 2781 quo
607 2714 702 2782 pallo?
721 2718 860 2783 quoniam,
878 2736 940 2789 qun

252 2789 391 2858 impudicam
400 2788 555 2854 judicarant,
573 2806 624 2838 eam
639 2789 749 2860 ueneficii
767 2810 864 2861 qaoque
880 2794 942 2844 aa.

253 2880 333 2914 natam
352 2861 523 2926 existimabam.
546 2861 613 2934 Quid
629 2863 687 2913 isa?
707 2864 764 2930 quia
780 2864 876 2935 necaffe
891 2865 942 2930 cll,

253 2957 323 2998 eam,
341 2955 389 3005 qua
400 2934 466 3005 suum
482 2953 564 3004 corpus
579 2936 701 2986 addixerit
717 2939 865 3006 turpissima
881 2939 942 3009 capi·

253 3013 344 3074 ditati,
357 3012 438 3064 timere
449 3011 589 3080 permultos.
610 3008 676 3082 Quos
691 3010 771 3075 istos?
788 3015 871 3066 tinans
882 3030 942 3087 ..pa-
