2400 4067
330 501 407 572 290
457 482 529 549 Da
554 472 885 551 Inrrnrronn

327 596 439 671 Ratio,
454 596 495 655 Vi
515 598 547 657 &
563 594 719 657 necess'arib
736 596 831 657 sumus
847 598 878 657 in
895 610 1016 677 portum

326 679 428 739 contii.
446 676 606 738 Infirmatio
622 675 681 751 est,
700 676 809 739 Navim
826 697 863 737 ex
882 678 952 761 lege
970 695 1018 737 ta·

327 781 398 820 men
421 759 524 842 populi
547 757 604 820 effe
628 774 757 839 oportet.
781 758 928 820 Judicatio
952 758 1017 833 est,

328 841 433 921 Quum
458 838 609 900 rostratam
630 841 729 901 navim
749 842 779 899 in
799 858 887 921 portu
906 840 1017 922 depre-

327 920 446 982 hensam
462 921 510 981 lex
527 921 701 1003 publicarit,
717 942 806 1003 quum
847 942 864 981 e
879 921 943 981 haec
964 943 1018 981 na-

328 1006 395 1076 vis,
412 1003 509 1063 invitis
526 1008 639 1077 nautis,
655 1004 687 1062 vi
703 1019 803 1083 tempe
829 1003 881 1062 atis
900 1004 929 1062 in
946 1014 1018 1083 pori

328 1101 393 1144 tum
411 1080 544 1163 conjetla
559 1086 595 1143 sit
614 1104 623 1156 ;
643 1099 818 1165 oporteatne
837 1104 904 1145 eam
921 1084 1019 1165 publi-

325 1185 394 1224 can.

370 1263 420 1324 99.
433 1242 550 1303 Horum
558 1244 646 1303 trium
656 1264 798 1326 generum
807 1243 918 1304 idcirco
926 1265 1016 1304 unum

328 1326 360 1385 in
375 1326 473 1391 locum
489 1325 663 1385 contulimus
678 1326 831 1406 exempla,
846 1325 927 1407 quod
941 1328 1018 1385 simi·

330 1406 365 1465 lis
389 1408 419 1465 in
438 1426 473 1466 ea
493 1407 651 1488 praeceptio
673 1423 912 1487 argumentorum
929 1406 1018 1467 tradi·

330 1504 387 1547 tur.
404 1486 482 1547 Nam
498 1490 528 1546 in
541 1487 588 1547 his
604 1488 740 1547 omnibus
755 1490 880 1568 pn'tnirm
892 1533 902 1562 ,
915 1488 1017 1569 siquid

330 1588 378 1627 res
394 1566 454 1649 ipsa
469 1568 550 1627 dabit
567 1566 735 1643 facultatis,
755 1566 955 1648 conjecturam
972 1570 1018 1627 in-

330 1648 399 1708 duci
415 1649 451 1708 ab
464 1647 630 1709 accusatore
643 1647 815 1730 oportebit,
829 1666 860 1708 ut
871 1649 923 1723 id,
937 1648 1018 1731 quod

330 1731 484 1789 voluntate
501 1728 607 1789 facium
621 1750 660 1791 ne
683 1729 796 1802 abitur,
811 1729 946 1790 consulti>
962 1729 1020 1789 fac-

331 1827 396 1869 tum
409 1809 566 1890 suspicione
582 1811 676 1891 aliqua
691 1807 923 1871 demonstretur:
937 1810 1021 1871 dein-

331 1892 371 1950 de
395 1890 531 1951 inducere
554 1890 755 1952 definitionem
778 1891 1019 1967 necessitudinis,

331 1988 382 2031 aut
397 1970 499 2046 castis,
520 1989 569 2032 aut
586 1972 808 2053 imprudentiae,
828 1973 863 2032 &
883 1973 1020 2054 exempla

331 2053 372 2112 ad
388 2073 453 2113 earn
468 2051 670 2114 definitionem
680 2051 859 2136 adjungere,
872 2054 902 2113 in
916 2055 1020 2137 quibus

331 2134 528 2216 imprudentia
536 2132 616 2195 fuiffe
624 2134 777 2209 videatur,
791 2152 840 2194 aut
852 2134 931 2194 casus
945 2182 955 2210 ,
972 2152 1020 2195 aut

332 2215 538 2288 necessitudo,
555 2216 588 2276 δι
605 2217 641 2275 ab
657 2216 701 2276 his
717 2216 748 2275 id
762 2215 844 2297 quod
861 2236 928 2276 reus
943 2216 1021 2278 infe-

330 2314 395 2372 rat,
407 2296 539 2379 separare
551 2343 561 2371 ,
577 2295 679 2372 idest,
694 2296 848 2358 ostendere
859 2296 1020 2372 dissimile,

332 2378 414 2519 pund
425 2379 534 2450 levius,
544 2378 673 2451 facilius,
686 2400 748 2439 non
760 2378 943 2461 ignorabile,
959 2400 1019 2440 non

347 2462 503 2531 ortuitum,
521 2481 582 2518 non
596 2456 782 2519 necellarium
797 2457 883 2519 fuerit
898 2478 905 2517 :
918 2458 1020 2541 postea

333 2538 531 2599 demonstrate
546 2585 556 2614 ,
573 2542 696 2621 potuille
716 2543 823 2614 vitari,
845 2541 876 2600 &
896 2541 952 2601 hac
973 2564 1020 2600 ra·

332 2622 416 2679 tione
433 2618 582 2700 provideri
600 2618 742 2702 potuille,
763 2624 787 2681 si
804 2622 861 2681 hoc
880 2638 929 2681 aut
948 2621 1020 2682 illud

332 2698 462 2775 fecitlet,
484 2717 533 2760 aut
552 2704 607 2761 nisi
629 2699 759 2776 fecisset,
782 2706 940 2783 praecaveri
959 2725 966 2763 :
988 2703 1020 2763 &

332 2779 550 2842 definitionibus
560 2781 737 2857 ostendere,
754 2805 815 2844 non
824 2784 898 2843 hanc
910 2786 1023 2865 impru-

332 2860 483 2938 dentiam,
497 2880 548 2923 aut
563 2862 675 2938 casum,
692 2881 740 2923 aut
756 2865 1021 2939 necessitudinem,

331 2940 384 3037 sed
394 2944 527 3006 inertiam
537 2990 546 3019 ,
556 2944 780 3028 negligentiam,
791 2945 956 3008 fatuitatem
969 2968 1024 3009 no·

187 3028 437 3224 ,μῑιηεή
452 3044 603 3109 oportere.
