2400 4067
693 659 814 727 AD
847 642 1377 711 HERENNIUM
1402 643 1481 711 L.
1508 643 1625 712 IV.
1734 663 1823 745 13
1844 663 1876 715 1

505 758 687 815 Mim'cs
727 759 873 809 honos
915 761 1221 827 imperatores,
1248 779 1279 809 a
1316 760 1583 811 melioribus
1627 763 1883 813 exercitum

511 833 732 900 accipere
753 829 910 899 solete
932 867 946 891 ,
983 834 1064 883 sed
1104 835 1307 884 ornandi
1344 833 1505 895 causa,
1529 836 1683 884 simile
1726 835 1884 901 sump-

511 918 620 957 tum
656 905 722 955 est
743 939 758 965 ‚
803 919 856 957 ut
891 907 1097 958 orationi
1130 908 1335 975 dignitas
1372 908 1591 975 quaedam
1631 925 1885 974 compare·-

510 991 611 1030 tur.
648 979 840 1045 Die-'tum
867 980 933 1030 est
958 994 1120 1031 autem
1149 999 1238 1047 per
1268 981 1579 1041 contrarium.
1614 982 1739 1031 Nam
1763 994 1882 1031 t-unc

509 1052 773 1103 similitudo
808 1053 1003 1105 sumitur
1037 1071 1126 1121 per
1160 1055 1488 1113 contrarium,
1525 1072 1669 1121 quum
1701 1055 1748 1105 ei
1778 1056 1883 1115 rei,

507 1143 652 1193 quam
687 1143 776 1176 nos
809 1129 1064 1192 probamus
1087 1161 1103 1187 ,
1143 1130 1349 1195 aliquam
1385 1145 1487 1179 rem
1524 1146 1755 1196 negamus
1786 1128 1883 1179 effe

506 1200 712 1251 similem
732 1233 748 1259 ,
778 1211 836 1249 ut
867 1201 1012 1266 paulo
1043 1199 1189 1263 ante,
1223 1220 1367 1269 quum
1398 1203 1459 1252 de
1488 1202 1759 1253 cursoribus
1788 1202 1884 1253 dis·

507 1273 800 1325 serebamus.
858 1272 952 1323 Per
1002 1275 1312 1343 negationem
1356 1277 1543 1327 dicetur
1576 1310 1592 1334 ‚
1644 1276 1881 1341 probandi

503 1346 654 1397 causa‘i
683 1347 782 1399 hoc
808 1344 955 1398 modo
985 1365 1000 1399 t
1035 1349 1201 1416 Neque,
1232 1367 1370 1416 equus
1399 1349 1650 1399 indomitus
1668 1383 1686 1405 ,
1719 1368 1883 1416 quam-

506 1420 579 1471 vis
621 1422 795 1471 natura*
843 1420 956 1470 bene
1002 1424 1281 1490 compositus
1329 1425 1392 1473 sit
1426 1457 1444 1479 ‚
1493 1423 1686 1473 idoneus
1724 1423 1882 1490 potest

508 1491 595 1558 effe
628 1495 694 1543 ad
727 1510 805 1545 eas
832 1495 1064 1545 utilitates
1085 1529 1102 1554 ,
1138 1514 1234 1562 qua
1268 1497 1591 1547 desiderantur
1621 1495 1678 1544 ab
1715 1514 1833 1563 equo
1856 1530 1876 1553 ‚

505 1584 652 1633 neque
682 1568 817 1621 homo
851 1568 1058 1627 ἰῃιίοᾶηε
1078 1602 1096 1624 ,
1139 1569 1345 1633 quamvis
1379 1570 1441 1617 sit
1475 1565 1737 1635 ingem'osus
1758 1603 1775 1625 ‚
1818 1572 1884 1619 ad

505 1640 726 1690 virtutem
751 1640 907 1707 potest
935 1641 1200 1708 pervenire.
1239 1640 1349 1699 Hoc
1381 1641 1671 1707 probabilius
1706 1641 1883 1701 fastum

506 1712 574 1763 est
601 1747 616 1772 ,
662 1711 794 1779 quod
829 1715 975 1780 magis
1014 1714 1082 1763 est
1116 1713 1377 1764 verisimile
1414 1748 1429 1772 ,
1468 1729 1569 1762 non
1610 1713 1740 1778 poffe
1778 1715 1883 1765 vit-

506 1798 665 1836 tutem
693 1787 796 1836 sine
830 1787 1042 1837 doftrina
1073 1787 1371 1854 comparari,
1392 1787 1625 1853 quoniam
1647 1803 1709 1837 ne
1728 1803 1882 1852 equus

506 1860 700 1925 quidem
722 1859 982 1910 indomitus
1003 1861 1209 1911 idoneus
1238 1860 1394 1927 possit
1423 1858 1553 1919 effe:
1582 1875 1699 1926 ergo
1727 1858 1885 1927 sump-

506 1946 608 1982 tum
645 1933 712 1982 est
743 1934 976 1998 probandi
1008 1933 1170 1999 causi.

583 2007 837 2056 XLVII.
877 2007 1074 2058 Diuum
1109 2007 1174 2056 est
1211 2020 1377 2059 autem
1409 2023 1497 2072 per
1530 2006 1839 2075 negationem
1864 2023 1884 2059 ε

506 2079 557 2143 id
608 2080 735 2128 enim
786 2081 1083 2145 perspicuum
1135 2080 1201 2131 est
1249 2082 1309 2131 de
1360 2081 1515 2145 ptimo
1563 2081 1885 2131 similitudinis

508 2154 685 2202 verbo.
722 2152 945 2215 Sumetur
980 2154 1032 2204 &
1062 2153 1273 2219 apertius
1311 2153 1502 2205 dicendi
1542 2154 1684 2205 causi
1717 2156 1884 2204 simili-

508 2226 632 2274 tudo
674 2242 760 2290 per
799 2228 1088 2276 brevitatem
1121 2261 1138 2286 ,
1179 2228 1275 2277 hoc
1315 2227 1464 2277 modo
1503 2243 1517 2276 ε
1563 2224 1622 2277 In
1671 2228 1883 2277 amicitia

507 2300 716 2366 get-enda
734 2331 751 2354 ‚
775 2298 895 2349 sicut
916 2301 966 2348 in
986 2300 1236 2349 certamine
1262 2299 1510 2358 currendi,
1541 2318 1637 2349 non
1669 2299 1739 2349 ita
1770 2319 1888 2349 con-

511 2371 644 2419 venit
680 2371 888 2427 exerceri
924 2405 940 2429 ‚
987 2385 1039 2419 ut
1076 2373 1230 2436 quoad
1276 2369 1449 2435 neceffe
1483 2372 1546 2419 sit
1580 2407 1598 2427 ,
1638 2374 1887 2439 pervenire

511 2441 668 2507 possis
705 2457 721 2487 .·
750 2438 837 2505 sed
874 2456 926 2488 ut
966 2443 1213 2506 produc-‘ius
1240 2442 1396 2501 studio
1420 2476 1438 2497 ‚
1475 2443 1520 2489 6·
1556 2443 1730 2491 viribus
1752 2479 1768 2500 ,
1811 2445 1888 2493 ul-

516 2513 593 2561 tra*
627 2511 781 2577 facil&
829 2530 1099 2579 procur-ras.
1148 2514 1275 2561 Nam
1318 2514 1415 2561 hoc
1462 2514 1615 2561 simile
1673 2515 1738 2562 est
1766 2549 1780 2572 ,
1833 2529 1889 2564 ut

518 2583 733 2652 apertius
773 2586 1070 2652 intelligetur
1097 2618 1111 2642 ‚
1155 2583 1281 2635 mala
1325 2584 1510 2633 ratione
1552 2585 1714 2634 facere
1747 2619 1762 2644 ,
1810 2588 1891 2653 qui

515 2659 876 2724 reprehendant
912 2674 998 2709 eos
1020 2692 1034 2716 ‚
1073 2659 1191 2724 qui,
1225 2658 1362 2710 verbi
1399 2656 1542 2707 caus&
1566 2692 1582 2716 ,
1618 2657 1722 2724 post
1758 2677 1893 2709 mor-

516 2746 615 2782 tem
639 2732 777 2782 amici
803 2732 990 2784 liberos.
1010 2731 1116 2799 ejus
1141 2731 1407 2782 custodiant
1428 2766 1442 2790 ‚
1466 2744 1727 2798 propterea
1756 2732 1889 2804 quod

515 2806 566 2855 in
606 2806 799 2857 cursore
842 2818 1028 2856 tantum
1069 2807 1345 2857 velocitatis
1393 2804 1487 2855 effe
1529 2818 1755 2872 oporteat
1772 2840 1809 2868 Ι,

518 2878 745 2929 efferatur
776 2880 923 2946 usque
956 2880 1018 2939 ad
1052 2878 1197 2930 finem
1230 2897 1246 2931 t
1282 2880 1332 2929 in
1367 2881 1523 2929 amico
1544 2914 1559 2940 ‚
1595 2892 1718 2943 tatu:¹

516 2954 810 3005 nevolentiae
837 2986 851 3011 ,
890 2967 943 3003 ut
979 2955 1135 3013 ultra,
1171 2957 1310 3021 quem
1352 2955 1531 3003 amicus
1570 2952 1689 3004 sen*

519 3025 580 3074 sit
605 3059 619 3083 ,
657 3039 910 3090 procurrat
939 3028 1156 3078 amicitiae
1190 3028 1366 3077 studio.
1395 3027 1587 3079 Diaum

520 3098 631 3146 mile
664 3097 730 3147 est
759 3115 845 3163 per
874 3100 1158 3151 brevitatem
1186 3118 1199 3151 :
1234 3119 1332 3150 non
1358 3101 1483 3151 enim
1516 3100 1583 3150 ita
1604 3130 1630 3163 *-

524 3170 640 3220 teris
674 3172 819 3221 rebus
842 3204 858 3231 ,
890 3188 968 3223 res
1001 3174 1061 3223 ab
1087 3191 1142 3225 re
1182 3174 1395 3242 separata
1435 3172 1537 3233 est,
1575 3168 1600 3220 f

1546 3241 1587 3295 F
