2400 4067
255 510 328 562 102
386 489 857 561 Runaonrconvnr
920 550 923 555 .

249 609 362 660 membris
373 610 428 660 hac
439 609 569 662 exornatio
582 606 661 675 potest
673 605 783 659 constare
797 625 807 659 a
821 608 868 660 secl
882 620 953 663 comi

250 684 389 735 modissima
401 685 427 735 δι
437 683 610 735 absolutissima
620 682 671 740 est,
685 698 739 748 quan
750 682 879 735 extribus
891 703 952 736 con-

250 756 314 817 stat,
332 757 381 808 hoc
391 757 530 824 palioalit
542 756 638 808 inimico
652 757 788 824 proaem,
809 756 951 809 &mim

249 831 372 892 ludebas,
391 830 475 882 &sihi
491 830 538 901 ipsi
554 848 603 880 non
618 826 763 897 consulebas.
781 830 872 893 Item,
897 833 955 885 Nec

250 905 391 973 reipublicae·
406 900 561 969 consuluisti,
581 921 625 954 nec
644 902 725 953 amicis
743 900 885 972 profiu'ffi,
909 922 951 957 nec

250 977 352 1028 inimicis
363 977 474 1041 restitisti.
492 977 618 1028 Anniculus
635 976 742 1035 dicitnr,
760 994 839 1043 quum
852 979 951 1048 singula

249 1055 326 1103 verba
337 1052 469 1101 intervallis
482 1051 656 1119 distinguuntur
667 1049 730 1100 caesl
744 1050 886 1114 oratione,
904 1054 953 1104 hoc

251 1126 347 1189 modo:
364 1124 525 1180 Acriaaonid,
543 1141 622 1180 soce,
640 1124 708 1173 vultu
724 1120 884 1190 adversarios
898 1144 953 1194 par·

251 1197 362 1260 sermisli.
375 1197 454 1255 laem,
471 1196 584 1247 Inimicus
594 1197 688 1246 insilia
697 1228 707 1252 ‚
716 1194 821 1262 ‘injuriis
833 1231 843 1256 ,
861 1213 952 1266 pocen-
994 1226 996 1233 ·

251 1270 307 1327 tid,
322 1271 426 1339 perfidia
432 1267 554 1337 sustulisti.
570 1271 639 1320 Inter
651 1269 723 1335 hujus
734 1271 859 1337 generis,
881 1273 910 1325 &
925 1273 953 1323 il·
995 1294 996 1299 ¹

250 1344 297 1394 lius
317 1345 444 1411 superioris
465 1344 645 1394 vehementiam
662 1344 712 1393 hoc
733 1342 859 1404 interest,
885 1343 951 1413 quoi
994 1340 996 1389 ἶ

250 1417 310 1468 illud
324 1415 415 1469 tardius
428 1418 454 1469 δι
469 1414 545 1468 rarius
559 1417 649 1476 venit,
669 1416 718 1466 hoc
734 1415 848 1469 crebrius
862 1420 892 1471 &
910 1436 954 1470 ce·
994 1432 996 1455 ¹

250 1489 325 1542 lenitis
339 1492 461 1557 pervenit.
478 1491 563 1557 ltaque
578 1489 604 1540 in
619 1489 662 1540 illo
679 1506 770 1558 genere
783 1524 791 1550 ,
812 1507 846 1543 ex
866 1508 955 1544 remo·

251 1564 321 1614 tione
338 1565 448 1623 brachii,
469 1565 496 1615 ὅ(
509 1564 667 1614 contortione
679 1563 789 1614 dexterae
804 1566 908 1632 gladius
924 1565 953 1616 acl

252 1654 342 1704 corpus
353 1638 452 1696 afferri3
469 1638 494 1688 in
503 1639 553 1688 hoc
563 1649 645 1687 autem
660 1637 748 1689 crebro
762 1637 790 1691 &
802 1640 888 1691 celeri
902 1641 952 1691 vul·

250 1728 311 1762 nere
326 1728 414 1777 corpus
429 1711 577 1761 consauciari
590 1710 697 1761 uidetur.

290 1801 335 1848 27.
361 1784 522 1835 continuatio
544 1783 578 1833 eli
600 1783 673 1833 densa
693 1782 719 1834 &
742 1784 882 1838 continens
902 1787 957 1840 fre·

251 1858 380 1924 quentatio
399 1857 530 1907 verborum
552 1873 607 1906 cum
630 1855 785 1909 absolutione
814 1860 952 1912 sententia·

250 1947 315 1981 rum.
332 1930 367 1981 En
377 1942 472 1981 utemur
482 1927 676 1980 commodissime
687 1929 815 1995 tripartito
826 1949 838 1993 ς
856 1934 886 1985 in
896 1933 951 1987 lan·

251 2003 350 2063 tenda,
367 2004 392 2054 in
406 2003 549 2063 contrario,
566 2004 591 2053 in
608 2003 780 2055 conclusione.
800 2006 832 2056 ln
848 2007 952 2059 senten·

251 2076 305 2136 tia,
321 2078 369 2127 hoc
384 2077 455 2142 palio
468 2092 476 2126 a
491 2075 525 2125 Εἰ
534 2093 582 2125 nnn
596 2076 694 2124 multam
708 2077 885 2147 poteslobeffs
895 2080 954 2148 snr-

251 2164 329 2207 cana,
349 2150 389 2219 qui
404 2148 451 2199 sibi
462 2148 557 2218 firmius
572 2148 597 2198 in
608 2147 717 2204 virtute,
738 2149 810 2217 quc'aa
826 2152 856 2205 a‘n
874 2151 952 2222 casas.

249 2223 385 2292 praesidium
402 2223 542 2274 collocarit.
561 2223 590 2273 ln
609 2222 754 2282 contrario,
774 2223 828 2277 hoc
845 2228 950 2280 modos

251 2298 318 2348 Nam
332 2297 353 2347 si
369 2297 420 2364 quis
433 2294 488 2365 spei
499 2314 548 2347 non
565 2295 662 2347 multum
679 2295 811 2349 collocarit
827 2299 856 2350 in
872 2296 953 2371 casn,

254 2371 311 2438 qnid
326 2371 377 2434 est,
395 2373 458 2438 quod
472 2371 494 2422 ci
508 2387 648 2439 magnopere
664 2365 729 2436 casus
745 2369 825 2436 nbcffe
840 2374 952 2442 puris?

253 2445 282 2493 ln
299 2445 477 2503 conclusione,
494 2445 543 2494 hoc
559 2444 649 2510 pasto:
666 2441 740 2514 Quid
755 2443 821 2495 siin
837 2461 881 2497 ens
894 2448 953 2516 pla·

252 2515 443 2584 rimincfimuna
457 2517 554 2584 potest,
572 2516 613 2583 qui
624 2512 682 2583 suas
698 2516 805 2567 rationes
821 2536 908 2572 omnes
926 2521 950 2574 is

252 2586 330 2655 rafiam
348 2590 518 2647 contuleram
540 2606 588 2638 non
600 2585 658 2656 sunt
675 2589 755 2640 omnia
773 2593 950 2646 commiscenda

247 2661 371 2730 fortuna,
391 2681 421 2713 ne
431 2680 537 2731 magnam
552 2662 621 2713 nimis
637 2662 662 2713 in
674 2680 718 2714 nos
733 2662 822 2715 labeas
839 2668 950 2719 dominc.

253 2735 349 2787 nonem.
369 2736 398 2786 ln
412 2735 449 2787 his
463 2737 540 2787 tribus
556 2737 686 2804 generibus
702 2737 733 2788 acl
749 2739 951 2793 continuationis

252 2808 303 2858 vim
318 2809 381 2860 adeo
398 2810 562 2876 frequentatio
578 2810 613 2861 est
630 2810 781 2871 necelsaria,
803 2825 833 2864 ut
852 2814 948 2868 infirm

253 2883 355 2936 facultas
375 2883 480 2935 oratoris
498 2883 633 2945 videatur,
660 2885 706 2936 nisi
726 2884 898 2949 sententiam,
923 2890 948 2942 &

253 2959 420 3018 contrarium,
441 2959 466 3009 δι
482 2957 662 3009 conclusionem
676 2959 847 3026 frequentibus
860 2963 949 3015 efferat

253 3033 345 3087 verbis.
368 3032 418 3086 Sed
438 3031 466 3086 &
491 3033 548 3084 aliis
569 3048 668 3103 quoque
687 3050 873 3105 nonnumquam
899 3053 948 3090 non
