2400 4067
237 480 318 564 '344
392 469 770 537 Pnnrrciouas

228 586 310 646 bis:
337 607 414 644 nunc
437 585 477 645 de
492 581 702 662 conjunllione
718 605 829 665 quaero.
863 581 918 643 Pr-

230 683 317 725 auu.
337 665 461 726 Numeri
472 666 590 746 quidam
601 663 664 724 sunt
675 668 705 723 in
717 663 919 743 conjunilione

237 745 392 820 servandi,
413 748 642 826 consecutioque
660 745 832 805 verborum.
858 744 919 804 Nu-

230 848 339 890 ·metos
357 848 438 887 aures
459 824 526 906 ipsae
543 828 719 899 metiuntur,
743 847 781 886 ne
801 843 918 904 autnon

240 909 390 989 compleas
413 908 511 967 verbis
538 906 619 989 quod
645 906 853 987 proposueris,
876 924 920 965 aut

243 989 399 1048 redundes.
424 985 603 1048 Consecutio
623 1004 739 1060 autem,
761 1008 800 1047 ne
813 990 921 1070 generi-

166 1095 173 1112 ·
240 1070 317 1142 bus,
339 1071 464 1128 numeris
477 1114 486 1141 ‚
505 1069 703 1148 temporibus,
715 1067 863 1146 personis,
875 1090 921 1128 ca-

242 1150 340 1220 sibus,
364 1151 548 1228 perturbetur
573 1151 677 1206 oratio.
715 1147 820 1219 Nam,
845 1151 920 1207 utin

243 1229 418 1308 simplicibus
427 1231 543 1301 verbis,
556 1228 638 1309 quod
648 1250 709 1286 non
721 1227 762 1287 est
774 1229 920 1302 Larinum

210 1310 212 1314 ’
240 1309 321 1367 sicin
332 1307 509 1388 conjunilis‚
522 1309 603 1390 quod
612 1307 722 1369 nonest
734 1308 921 1392 consequens,

242 1389 468 1470 vituperandum
479 1388 528 1450 est.

289 1489 336 1548 19.
355 1468 532 1531 Communia
541 1486 639 1530 autem
650 1468 842 1550 simplicium,
855 1491 923 1530 con·

242 1547 465 1632 juntlorumque
486 1551 548 1610 sunt
569 1551 631 1610 haec
648 1555 775 1632 quinque
790 1554 870 1632 quasi
881 1552 922 1610 lu·

243 1634 343 1705 mina,
366 1633 540 1703 dilucidum,
562 1632 676 1705 breve,
696 1631 867 1711 probabile,
888 1631 923 1691 il-

242 1709 347 1787 lustre,
365 1711 460 1773 suave.
492 1712 661 1771 Dilucidum
680 1709 716 1770 fit·
729 1715 840 1771 usitatis
855 1732 922 1771 ver-

166 1852 169 1856 ,
243 1792 310 1866 bis,
329 1795 470 1874 propriis,
496 1791 640 1872 dispositis
659 1809 708 1851 aut
728 1791 924 1872 circumscrip-

237 1875 327 1932 -tione
354 1872 512 1944 conclusa,
540 1889 589 1931 aut
613 1874 854 1948 intermissione,
879 1888 925 1931 aut

246 1952 599 2012 concisioneverborum.
627 1952 791 2013 Obscurum
810 1971 925 2027 autem,

238 2051 295 2092 -aut
314 2033 517 2114 longitudine,
535 2050 584 2092 aut
600 2032 798 2094 contrailione
816 2037 925 2094 oratio·

239 2114 312 2183 .nis',
332 2131 381 2173 aut
395 2114 603 2196 ambiguitate,
624 2131 673 2177 aut
685 2114 864 2190 inflexione,
884 2131 928 2179 at*

245 2214 305 2274 que
317 2196 519 2256 immutatione
538 2196 706 2255 verborum.
727 2192 859 2255 Brevitas
875 2218 926 2254 au·

247 2292 309 2336 tem
331 2275 481 2336 conficitur
502 2277 678 2357 simplicibus
693 2276 813 2335 verbis:
840 2275 926 2336 semel

249 2358 423 2438 unaquaique
440 2379 470 2418 re
486 2357 626 2416 dicendi:
649 2356 719 2414 nulli
730 2359 792 2427 rei,
813 2358 884 2430 nisi,
897 2374 927 2415 ut

248 2435 373 2497 dilucidi
384 2438 476 2510 dicas,
486 2436 648 2498 serviendo.
668 2436 824 2497 Probabile
835 2454 926 2497 autem

248 2536 340 2596 genus
354 2515 394 2576 est
406 2518 563 2589 orationis,
580 2520 674 2576 sinon
684 2519 766 2575 nimis
777 2515 820 2576 est
830 2539 929 2598 comp·

247 2611 331 2669 tum,
349 2613 436 2677 atque
446 2597 628 2677 expolitum,
645 2599 668 2656 si
681 2595 722 2656 est
732 2596 886 2658 austoritas
897 2599 929 2657 &

249 2674 366 2756 pondus
378 2678 407 2735 in
424 2678 539 2750 verbiS‚
554 2680 577 2735 si
588 2675 735 2737 sententiae
748 2678 797 2737 vel
809 2698 929 2759 graves,

249 2754 299 2816 vel
314 2773 389 2836 aptae
407 2757 593 2839 opinionibus
612 2758 788 2832 hominum,
812 2760 845 2819 &
865 2781 931 2818 mo·

249 2837 339 2899 tibus.
661 2892 665 2898 .

293 2937 340 2978 20.
355 2916 470 2978 lllustris
482 2935 579 2979 autem
593 2921 687 2978 oratio
701 2917 761 2994 est,
781 2920 805 2978 si
819 2920 852 2978 &
864 2939 933 2980 ver·

252 2998 290 3065 ba
300 3003 442 3085 gravitate
457 3000 567 3066 deletu
579 3016 749 3088 ponuntur,
768 3001 802 3063 dc
816 3000 937 3064 transsat·
