2400 4067
248 494 324 569 300
374 474 447 542 Du
474 474 808 545 Iurrurronn·

292 609 357 672 ¹15·
384 591 545 652 Facultates
569 607 666 651 autem
688 584 938 663 considerantum

247 693 335 754 quum
351 673 469 755 aliquod
485 674 680 754 pecuniarium
699 675 851 753 praemium
866 693 939 752 pos·

247 754 353 814 tulatut
370 775 380 813 τ
397 757 426 813 in
445 775 503 835 quo
529 756 625 813 utrum
646 755 768 835 copiane
788 755 824 812 sit
850 754 936 835 agri,

242 834 432 917 ¹vesiigulium
448 881 457 909 ‚
475 838 628 915 pecuniae,
648 856 683 893 an
700 837 841 915 penuria,
862 855 935 893 con-

249 916 397 976 sideratur.
414 916 486 975 Loci
500 935 691 989 communes,
707 915 871 975 Facultates
887 936 935 974 au·

270 1016 319 1057 ere
333 1043 343 1072 ,
362 1019 422 1057 non
435 1000 586 1069 minuere,
607 1014 768 1078 oportere,
785 996 818 1056 &
831 993 935 1076 Impu-

249 1017 368 1137 fientem
388 1076 444 1139 ess'e
459 1123 468 1151 ‚
484 1081 532 1159 qui
552 1099 606 1158 pro
623 1075 767 1137 beneficio
786 1097 848 1136 non
865 1097 933 1158 gra·

248 1160 317 1217 tiam
336 1204 345 1232 ,
362 1162 464 1218 verum
483 1158 651 1218 mercedem
668 1156 794 1239 postulet
809 1157 938 1216 :contri

248 1256 354 1299 autem.
373 1237 423 1298 De
441 1242 564 1319 pecunia
585 1240 768 1312 ratiocinari,
785 1236 933 1297 sordidum

249 1317 329 1393 esse,
348 1340 437 1399 quum
455 1320 491 1380 de
509 1322 597 1404 gratia
613 1318 766 1380 referenda
784 1317 932 1382 delibere-

249 1416 315 1459 tur:
340 1400 372 1459 ὅ(
394 1400 504 1461 senon
527 1404 651 1483 pretium
671 1423 725 1482 pro
748 1400 826 1461 facio
848 1446 858 1473 ,
883 1398 932 1461 sed

248 1481 420 1556 honorem,
439 1484 523 1542 itaut
542 1482 699 1543 faciitatum
719 1484 777 1555 sit,
800 1503 856 1563 pro
877 1481 932 1542 be-

247 1560 354 1622 neficio
376 1560 530 1644 postulare.
558 1564 605 1623 Ac
625 1563 662 1624 de
683 1561 935 1623 constitutionibus,

247 1643 365 1724 quidem
384 1643 447 1703 saris
461 1644 566 1704 dictum
585 1643 648 1704 est:
665 1664 742 1703 nunc
759 1643 795 1704 de
810 1646 843 1703 iis
861 1666 932 1703 con-

246 1727 414 1800 troversiis,
435 1746 498 1805 quae
520 1723 674 1807 inscripto
696 1723 866 1800 versantur,
889 1724 938 1784 di-

245 1805 371 1865 cendum
387 1806 509 1865 videtur.

287 1885 352 1945 XL.
373 1885 407 1945 In
426 1886 531 1966 scripto
551 1885 680 1947 versatur
697 1889 898 1947 controversia
920 1915 951 1962 ,-

245 1988 336 2047 quum
357 1986 393 2026 ex
410 1965 568 2047 scriptionis
587 1972 699 2029 ratione
725 1968 832 2049 aliquid
854 1968 937 2028 dubii

244 2046 375 2108 nascitur.
393 2045 426 2106 Id
443 2046 474 2107 fit
490 2069 526 2108 ex
541 2050 701 2132 ambiguo,
720 2070 755 2109 ex
774 2048 878 2132 scripto
897 2050 930 2109 &

242 2128 403 2202 sententia,
420 2150 455 2189 ex
472 2134 620 2189 contrariis
636 2130 769 2271 lep-ibus,
790 2150 827 2190 ex
842 2133 936 2191 ratio--

243 2213 387 2271 cinatione
400 2256 409 2284 ‚
422 2231 459 2271 ex
472 2210 651 2273 definitione.
696 2234 714 2270 x
726 2211 864 2302 ambiguo
880 2234 931 2272 au·

241 2308 302 2351 tem
317 2293 435 2352 nascitur
450 2297 666 2365 controversia,
681 2314 769 2374 quum
784 2294 852 2373 quid
865 2291 931 2353 sen·

241 2372 308 2434 serit
325 2374 469 2455 scriptor,
489 2374 640 2434 obscurum
658 2372 721 2446 est,
741 2374 821 2455 quod
840 2373 931 2455 scrip-

241 2473 304 2513 turn
320 2456 389 2515 duas
427 2456 540 2514 luresve
559 2477 604 2515 res
619 2454 781 2536 significat,
801 2454 928 2514 adhunc

241 2536 364 2595 modum
380 2557 389 2593 z
406 2477 610 2594 iaterfamilias
626 2583 636 2609 ,
654 2558 741 2616 quum
764 2534 854 2595 filium
873 2535 929 2597 he·

241 2616 344 2674 redem
378 2614 519 2689 fuceret,
552 2616 686 2676 vasorum
724 2634 931 2697 argenteorum·

240 2696 344 2776 pondo
360 2713 476 2754 centum
496 2701 579 2755 uxori
594 2697 647 2757 suae
665 2701 704 2757 sic
723 2699 850 2779 legavit:
866 2702 928 2757 He·

240 2799 283 2836 res
307 2798 381 2834 meus
406 2780 487 2836 uxori
509 2798 571 2835 meu:
595 2779 719 2859 vastorum
742 2801 774 2837 ar
791 2799 926 2839 citreorum

235 2859 330 2938 pondo
345 2874 470 2929 centum,
489 2880 546 2935 quae
561 2861 654 2934 volet,
674 2864 748 2919 dato.
763 2802 831 2919 isost
845 2880 928 2919 mor-

239 2935 377 3015 remeius
394 2936 460 2997 vasa
480 2938 652 3020 magnifica,
673 2941 846 3020 &pretiose
868 2963 927 3000 cae-

237 3019 293 3077 lata
310 3019 381 3099 petit
398 3040 414 3077 a
430 3016 490 3080 filio
512 3037 623 3081 mater:
639 3021 686 3082 ille
705 3022 757 3095 se,
781 3044 844 3103 quae
863 3022 923 3103 ipse

137 3233 307 3392 Α
