2400 4067
335 488 412 583 '326
466 489 541 557 Dr
565 486 902 555 INVENTIONE
957 499 960 504 ·

334 601 421 663 tustas
435 603 514 685 vulgi
531 602 743 683 approbatione
759 599 896 680 perduxit
915 618 923 658 t
941 596 1026 740 {pund

335 703 447 765 genus,
462 684 601 764 patium,
620 705 693 764 par,
710 678 881 761 judicatum.
902 679 945 741 Pa
994 702 1026 742 nt

335 763 400 838 est,
432 765 512 845 quod
533 767 609 823 inter
630 764 741 843 aliquos
762 763 913 822 convenit.
937 760 1024 837 Par,

375 845 415 906 od
429 849 458 904 in
477 866 579 905 omnes
595 844 735 927 aequabile
754 840 805 903 est.
831 841 1023 918 Judieaturn,

334 866 372 985 ig
391 947 450 999 quo
466 924 584 1006 alicujus
600 973 609 1001 ,
626 945 674 986 aut
694 926 857 1006 aliquorum
875 922 938 1002 jam
954 923 1024 986 sen-

333 1010 429 1067 tentiis
442 1006 627 1067 constitutum
641 1006 690 1067 est.
708 1006 787 1088 Lege
799 1003 846 1086 jus
860 1003 925 1079 est,
940 1005 1022 1087 quod*

334 1088 364 1146 in
391 1108 428 1148 eo
450 1089 579 1167 scripto,
605 1088 687 1171 quod
712 1088 826 1169 populo
854 1088 1022 1167 expositum

334 1165 398 1242 est,
418 1186 449 1227 ut
467 1168 627 1243 observet,
646 1170 822 1229 continetur.
942 1179 946 1184 '

378 1249 445 1327 163.
469 1250 649 1324 Fortitudo,
674 1248 715 1310 est
737 1248 922 1308 considerata
940 1249 1021 1329 peri·

332 1328 463 1389 culorum
475 1329 616 1412 susceptio
630 1378 640 1405 ,
662 1332 694 1392 &
708 1330 842 1390 laborum
856 1332 1022 1410 perpessio.

333 1407 404 1488 Ejus
419 1429 537 1492 partes,
556 1411 771 1496 magnificentia
781 1455 792 1485 ,a
811 1409 954 1484 fidentia,
970 1432 1019 1492 pa·

331 1491 461 1566 tientia,
487 1493 711 1575 perseverantia.
735 1490 956 1574 Magnificentia
979 1489 1020 1551 est

332 1592 429 1633 rerum
457 1595 654 1655 magnarum,
688 1575 720 1635 &
744 1572 925 1633 excelsarum
953 1593 1021 1633 cunt

332 1655 421 1714 animi
441 1656 537 1735 ampla
557 1655 705 1738 quadam,
728 1653 930 1736 &splendida
948 1676 1019 1736 pro-

354 1737 480 1796 ositione
510 1738 654 1817 agitatio,
686 1752 774 1816 atque
800 1733 1020 1795 administratio.

332 1754 465 1875 Fidentia
483 1815 547 1890 est,
570 1838 724 1898 perquam
738 1816 850 1898 magnis
865 1817 899 1876 &
913 1817 1021 1877 hones·

332 1896 369 1954 tis
387 1898 417 1954 in
433 1896 519 1956 rebus
538 1897 662 1957 multum
678 1895 736 1977 ipse
756 1900 867 1955 animus
884 1899 915 1957 in
933 1896 963 1958 se
982 1895 1018 1957 fi·

333 1974 423 2035 duciae
440 1994 516 2036 certa
535 1999 602 2038 cunr
620 1977 670 2059 spe
690 1978 859 2039 collocavit.
877 1977 1018 2040 Patientia

332 2054 373 2116 est
387 2056 565 2133 honestatis,
587 2076 636 2119 aut
651 2059 779 2119 utilitatis
793 2058 879 2118 causi
893 2106 903 2133 ,
921 2080 1019 2121 rerunt

331 2137 484 2199 arduarum
498 2161 531 2199 ac
545 2139 702 2200 difficilium
721 2140 886 2201 voluntaria
899 2163 932 2200 ac
955 2142 1019 2201 diu·

331 2235 414 2279 turna
436 2223 597 2302 perpessio⁴
620 2221 835 2299 Perseverantia
857 2219 951 2282 estin
972 2244 1019 2283 ra·

331 2302 411 2362 tione
423 2303 499 2363 bene
514 2303 694 2365 considerata
709 2301 813 2362 stabilis
827 2302 859 2363 &
875 2321 1021 2385 perpetua

329 2388 507 2464 permansio.

376 2466 441 2538 164.
462 2465 672 2545 Temperantia
693 2462 734 2525 est
754 2466 873 2524 rationis
898 2467 928 2525 in
951 2466 1020 2527 lihi-

330 2543 453 2619 dinem,
476 2563 564 2626 atque
583 2549 613 2605 in
633 2548 704 2606 aiios
722 2566 782 2605 non
803 2546 898 2607 reiios
919 2549 1018 2630 irnpe-

329 2639 374 2682 tus
393 2628 500 2700 animi,
521 2625 652 2688 firma&
668 2628 821 2688 moderata
842 2627 1020 2690 dominatio.

329 2701 399 2782 Ejus
413 2724 509 2786 partes
522 2708 608 2782 sunt,
625 2713 823 2783 continentia,
841 2710 1023 2786 clementia,

328 2786 478 2847 modestia.
499 2788 688 2850 Continentia
707 2788 772 2863 est,
791 2812 952 2872 perquam
970 2815 1020 2853 cu-

328 2867 432 2947 piditas
453 2872 564 2931 consilii
579 2871 788 2953 gubernatione
804 2874 924 2953 regitur.
944 2872 1018 2935 Cle-

328 2954 457 3025 mentia,
477 2972 529 3032 per
545 2974 632 3032 quam
649 2957 739 3012 animi·
747 2954 857 3014 temere
869 2956 900 3012 in
915 2956 1020 3016 odiunt

328 3028 446 3114 alicujus
464 3033 636 3098 mvetuon'u
654 3037 794 3098 concitati
810 3037 955 3102 comitate
971 3057 1023 3101 re-
