2400 4067
314 482 388 556 218
442 483 515 552 Dr
544 482 873 552 Inrrnrrorrr

312 601 460 661 cohaerere
476 596 623 659 videatur.
638 593 706 656 Hoc
723 614 839 672 autern,
859 597 890 659 Si
904 615 1001 663 mater

313 679 376 755 est,
395 680 506 761 diligit:
525 677 555 739 si
569 678 723 760 aliquando
739 682 894 760 peccavit,
910 702 1001 743 num·

306 782 400 843 -quam
429 763 588 842 corrigetur
611 781 618 818 :
640 762 680 819 sic
709 761 867 821 conveniet
893 782 926 821 re
949 783 1002 823 re·

308 841 429 915 nendi,
452 857 484 901 ut
513 839 726 902 demonstretur
751 861 812 901 non
839 862 913 902 nece
937 844 1001 903 arii>

309 945 380 983 cum
400 926 497 1003 priore
514 920 656 1002 posterius
677 922 834 983 cohaerere.
856 922 925 983 Hoc
946 946 1002 1007 ge-

312 1024 366 1064 nus
380 1047 389 1078 ‚
403 1003 435 1062 &
449 1019 546 1062 cetera
557 1001 732 1078 necessaria,
749 1004 781 1063 &
796 1006 918 1063 omnino
935 1027 1005 1065 om-

309 1088 356 1145 -nis
384 1085 624 1166 argumentatio,
658 1084 691 1143 &
721 1082 784 1165 ejus
809 1086 1000 1166 reprehensio

308 1162 457 1245 majorem
473 1166 631 1245 quamdam
644 1167 708 1225 vim
726 1166 881 1240 continet,
902 1168 935 1227 &
954 1166 1001 1227 la-

309 1249 367 1307 rius
384 1262 488 1326 patet,
508 1241 596 1327 quim
613 1244 659 1304 hic
677 1249 852 1328 exponitur:
868 1246 918 1309 sed
935 1244 1002 1327 ejus

309 1325 424 1387 artificii
449 1330 578 1409 cognitio
602 1324 766 1407 hujusmodi
791 1326 856 1402 est,
881 1344 914 1388 ut
937 1350 998 1389 non

307 1409 351 1468 ‚nd
373 1405 458 1487 hujus
484 1408 551 1468 anis
579 1425 694 1490 partem
724 1411 760 1469 ali
782 1430 848 1469 uam
879 1406 1002 1492 adjungi

256 1500 258 1505 ’
310 1493 428 1571 possit,
451 1487 502 1549 sed
523 1487 582 1571 ipsa
601 1487 754 1570 separatim
762 1430 856 1572 tdongi
878 1507 1003 1571 tempo-

312 1573 375 1644 ris,
396 1571 429 1631 &
446 1591 559 1653 magnae
582 1586 670 1651 atque
694 1571 790 1630 arduae
814 1571 1002 1652 cogitationis

310 1651 472 1734 indigeat:
494 1671 581 1732 quare
604 1652 652 1711 illa
673 1652 758 1731 nobi-s
783 1650 839 1709 alio
861 1668 1004 1732 tempore

311 1750 402 1814 atque
419 1730 457 1791 ad
465 1731 542 1790 aliud
557 1730 735 1805 institutum,
751 1732 773 1788 si
791 1729 910 1790 facultas
927 1734 1006 1807 erit,

307 1812 542 1893 explicabuntur.
572 1810 659 1870 Nunc
684 1811 727 1869 his
753 1813 1004 1890 praeceptionibus

312 1893 464 1953 rhetortun
486 1892 524 1950 ad
548 1888 630 1950 usum
655 1892 814 1950 oratorium
839 1906 1005 1952 contentos

312 1994 368 2033 nos
391 1969 447 2033 effe
467 1970 628 2052 oportebit.
652 1970 756 2049 Quum
776 1972 861 2053 igitur
884 1989 921 2030 ex
939 1973 1005 2048 iis,

309 2075 377 2135 -quae
399 2052 570 2126 sumuntur,
592 2052 701 2133 aliquid
721 2072 782 2112 uon
802 2052 1004 2130 conceditur,

308 2138 352 2195 sic
370 2132 570 2193 infirmabitur.

356 2211 482 2275 XLVI-1.
501 2214 604 2295 Quum
621 2228 743 2287 autem,
761 2212 807 2273 his
828 2214 1003 2290 concessis,

312 2297 483 2379 complexio
511 2316 551 2356 -ex
575 2295 619 2354 his
645 2316 707 2355 non
732 2292 908 2366 conficitur,
937 2295 1001 2356 haec

315 2397 401 2439 erunt
418 2376 652 2449 consideranda3
674 2397 744 2435 num
764 2375 841 2435 aliud
860 2373 1002 2437 conficia-

314 2479 382 2533 tur,
400 2459 477 2519 aliud
494 2460 623 2531 dicatur,
638 2458 696 2517 hoc
712 2457 805 2517 modo
820 2478 828 2516 :
843 2459 888 2530 si,
909 2478 1000 2539 quum

313 2541 416 2621 aliquis
436 2540 511 2598 dicat
528 2538 556 2599 se
573 2536 737 2619 profeiiunr
755 2536 812 2598 effe
832 2538 870 2597 ad
886 2541 1002 2598 exerci-

315 2638 399 2692 tum,
417 2637 576 2700 contraque
593 2639 661 2678 eum
678 2621 741 2699 quis
756 2619 828 2680 velit
842 2620 896 2679 hac
913 2640 1001 2702 argu·

315 2702 497 2761 mentatione
510 2703 552 2757 uri
568 2720 574 2757 :
590 2698 620 2757 Si
633 2697 756 2758 veniffes
770 2700 807 2759 ad
822 2703 1001 2777 exercitum,

311 2803 334 2841 a
352 2781 471 2840 tribunis
489 2780 657 2840 militaribus
674 2778 749 2839 visus
768 2778 850 2841 esses.
873 2781 946 2841 Non
968 2804 1001 2844 es

312 2879 414 2923 nutem
424 2861 460 2922 ab
475 2862 521 2920 his
531 2859 616 2922 visus.
636 2858 707 2919 Non
723 2881 754 2920 es
772 2863 858 2943 igitur
874 2862 1001 2943 profec-

315 2960 361 3003 tus
382 2943 420 3003 ad
440 2945 607 3003 exercitum.
636 2941 695 3000 Hic
715 2963 804 3022 quum
828 2942 1001 3006 concesseris

311 3025 572 3108 propositionem,
594 3022 628 3085 ὃ(
645 3020 890 3107 assumptionem,
912 3045 1001 3100 com-⁴
