2400 4067
305 485 603 553 RnnronrcA
631 483 731 551 ΗΒ.
757 484 813 555 H.
861 494 940 579 '325

255 594 327 677 Ejus
352 601 463 660 initium
487 597 528 659 est
555 599 590 659 ab
618 616 718 659 natura
742 599 903 679 presciium
929 619 939 659 τ

255 679 361 740 deinde
375 681 506 762 quaedam
521 683 550 740 in
569 678 806 740 consuetudinem
824 700 860 739 ex
878 682 939 738 uti-

254 759 342 819 litatis
358 765 472 822 ratione
485 778 630 822 venerunt
644 781 651 820 :
666 758 769 840 postea
785 780 831 821 res
851 759 884 820 &
902 759 940 818 ab

254 857 357 900 natura
369 841 536 924 mesenas,
558 843 591 902 &
604 841 640 901 ab
653 840 856 902 consuetudine
869 861 941 921 pro·

253 919 359 995 baras,
379 924 406 982 le
428 944 478 981 um
492 940 609 996 metus,
629 922 661 981 &
679 923 731 983 reli
753 925 781 982 'o
799 920 898 981 sanxit.

299 1001 367 1061 161.
389 945 500 1062 bianum
517 1001 561 1083 jus
577 1001 642 1077 est‘,
662 944 818 1084 quotibon
837 1002 941 1082 opinio

253 1084 379 1163 genuit,
403 1082 453 1143 sed
468 1084 598 1164 quaedam
619 1085 716 1143 innata
734 1086 779 1146 vis
799 1080 941 1156 inseruit,

253 1172 288 1221 ut
307 1162 501 1246 religionem,
522 1167 684 1246 pietatem,
705 1165 825 1247 gratiam
840 1207 853 1238 ,1
870 1163 941 1223 vin-

254 1242 451 1320 dica-tionem,
462 1243 691 1317 observantiam,
703 1249 865 1306 veritatem.
878 1243 940 1305 Re-

252 1323 325 1405 ligio
344 1323 406 1399 est,
427 1347 490 1405 quae
501 1326 653 1408 superioris
667 1324 812 1405 cujusdam
831 1341 942 1384 naturae

258 1403 273 1484 (
291 1426 378 1485 quam
400 1405 527 1467 divinam
545 1404 685 1486 vocant)
707 1427 804 1465 curam
820 1449 829 1478 ,
848 1425 941 1464 caere-

254 1488 444 1566 moniamque
459 1482 552 1545 affert.
572 1484 689 1558 Pietas,
708 1505 761 1565 per
777 1505 862 1566 quam
877 1483 942 1544 san-

279 1569 345 1625 uine
360 1563 540 1645 conjunffis,
557 1568 714 1646 patriaeque
729 1564 882 1625 benevolis
896 1565 944 1624 of·

254 1587 353 1706 ficium
368 1648 400 1706 &
415 1645 536 1728 diligens
548 1647 681 1706 tribuitur
698 1645 800 1705 cultus.
821 1643 943 1719 Gratia,

254 1728 287 1784 in
309 1748 365 1807 qua
386 1728 574 1787 amicitiarum
591 1728 624 1787 &
645 1723 808 1787 officiorum
827 1725 947 1786 alterius

254 1810 420 1880 memoria,
441 1808 474 1868 δι
488 1806 603 1868 alterius
620 1807 823 1868 remunerandi
835 1805 944 1867 volun·

254 1904 299 1947 tas
319 1890 493 1950 continetur.
514 1888 681 1949 Vindicatio
701 1886 764 1962 est,
782 1908 834 1969 pet
853 1909 943 1970 quarn

253 1971 301 2033 vis
323 1972 355 2031 &
375 1967 502 2049 injuria,
525 1969 558 2030 δ’(
581 1972 704 2029 omnino
722 1989 836 2043 omne,
879 1968 944 2029 uod

256 2049 426 2111 obfuturum
449 2049 512 2123 est,
539 2049 755 2125 defendendo,
781 2066 828 2108 aut
851 1991 945 2109 iiius-

255 2132 353 2192 cendo
394 2129 563 2211 ropulsatur.
588 2130 783 2191 Obseruantia
803 2127 866 2204 est,
889 2151 945 2211 pen

297 2235 345 2272 am
371 2155 506 2271 iomines
532 2211 629 2290 aliqui
654 2210 683 2267 di
704 2212 793 2268 nitate
819 2227 945 2270 antece·

255 2233 360 2353 ffintes
382 2291 459 2350 cultu
493 2288 625 2362 nodam,
645 2231 803 2348 &bonore
824 2289 945 2369 dignan-

254 2391 314 2433 tur.
327 2372 444 2431 Veritas
457 2311 497 2429 ei
510 2412 519 2442 ,
537 2388 590 2449 per
605 2387 711 2449 quam,
728 2369 879 2426 immutata
892 2388 926 2428 ea
935 2413 949 2442 ‚

280 2475 328 2511 uae·
347 2451 437 2524 sunt,
459 2466 508 2509 aut
530 2449 597 2509 ante
622 2447 765 2523 fuerunt,
784 2464 831 2506 aut
848 2445 947 2509 futura

256 2475 322 2592 iim
339 2578 348 2607 ‚
366 2532 505 2591 dicuntur.

301 2611 380 2673 LIV.
406 2611 622 2674 consuetudine
644 2609 689 2692 jus
708 2608 773 2682 est,
795 2610 876 2752 {nod
894 2627 949 2671 aut

256 2693 364 2755 leviter
384 2717 404 2753 a
418 2711 517 2754 natura
537 2695 658 2755 trabium
682 2692 772 2765 aluit,
848 2689 948 2773 majus

257 2774 328 2833 iecit
344 2773 430 2846 usus,
453 2792 485 2834 ut
498 2774 690 2858 religionem:
706 2791 754 2834 aut
768 2773 873 2854 siquid
886 2793 948 2849 eo-
1016 2771 1019 2776 ’

259 2875 346 2925 rum,
364 2875 426 2933 quae
444 2856 510 2914 ante
532 2855 677 2931 diximus,
696 2856 733 2915 ab
752 2871 853 2913 natura
870 2872 950 2933 ptos
974 2864 984 2881 ³

259 2932 390 3006 festum,
414 2932 506 3011 majus
523 2933 628 2994 fabium
648 2952 777 3016 propter
788 2864 1068 3157 ποιῶσί

261 3014 365 3075 dinem.
374 3013 534 3090 videmus,
551 3033 602 3077 aut
617 3015 743 3097 quotiin
758 3030 878 3075 motem
937 3084 951 3113 r

950 3160 962 3175 ..

958 3180 968 3213 t
