2400 4067
303 488 603 556 Rrrrrorrrcn
630 490 733 560 err.
759 494 814 559 II.
866 515 938 591 333

252 625 344 678 cere,
360 623 447 687 atque
462 604 538 664 aliud
552 620 666 685 tempus
676 604 844 687 —exspedare
858 630 943 690 opor·

252 687 342 747 tebit.

302 785 371 848 175·
402 764 435 825 In
459 766 676 827 commoditatis
700 769 775 828 verb
799 768 944 841 ratione,'

254 847 352 909 modi>
368 845 440 907 illud
456 846 641 922 attendatur,
661 847 786 930 dignane
804 848 884 908 causa
901 851 946 909 vi·

255 929 363 990 detuit
379 947 438 1001 ea,
459 934 522 1008 quai
540 928 577 987 ad
595 928 747 989 utilitatem
765 931 945 1010 pertinebit,

256 1030 348 1092 quare
366 1026 415 1068 aut
426 1007 463 1068 de
474 1007 709 1089 magnificentia,
726 1026 774 1068 aut
789 1010 827 1069 de
837 1011 947 1070 hones·

255 1107 321 1150 tate
344 1089 482 1171 quiddam
504 1088 671 1170 derogetur.
700 1088 800 1171 Atque
829 1092 859 1148 in
885 1091 945 1151 hoc

258 1171 331 1231 loco
354 1170 425 1230 mihi
447 1188 532 1250 coput
559 1170 630 1230 illud
654 1171 769 1231 videtur
797 1169 882 1247 effe,
912 1190 945 1232 ut

258 1271 445 1334 quaeramus,
469 1250 537 1332 quid
557 1252 594 1311 sit
614 1250 710 1325 illud,
736 1250 859 1333 quodsi
880 1252 946 1312 adi-

259 1330 361 1415 pisci,
385 1349 433 1392 aut
458 1328 584 1413 effugere
605 1334 757 1406 velimus,
783 1332 876 1414 aliqua
899 1354 946 1394 res

259 1413 349 1474 nobis
366 1415 402 1472 sit
418 1411 588 1486 necessaria,
608 1411 665 1470 hoc
683 1408 745 1485 est,
764 1432 827 1492 quae
841 1415 877 1472 sit
892 1415 945 1473 ad-

262 1492 396 1568 unffio,
412 1510 443 1552 ut
457 1493 599 1575 proinde,
617 1494 659 1552 uti
672 1511 791 1573 quaeque
808 1513 853 1552 res
870 1496 946 1568 erit,

273 1575 451 1648 aboremus,
467 1575 497 1634 &
512 1574 867 1656 gravissimamquamque
881 1595 949 1633 cau·

261 1652 323 1717 sam
346 1655 599 1718 vehementissime
625 1651 809 1715 neceffariam
833 1652 948 1735 judice-

263 1757 338 1798 mus.

308 1815 375 1893 176.
398 1816 556 1893 Medio,
588 1815 629 1878 est
651 1817 784 1900 quaedam
808 1837 845 1879 err
867 1834 947 1879 tem-

263 1919 363 1980 pore,
391 1916 440 1959 aut
466 1919 502 1959 err
524 1900 710 1981 negotiorum
731 1915 865 1973 eventu,
896 1914 946 1961 aut

263 1977 538 2053 administratione,
565 1996 612 2038 aut
641 1981 793 2040 hominum
821 1978 913 2040 studio
936 2026 948 2057 ,

261 2063 457 2122 commutatio
474 2080 591 2132 rerum,
610 2077 642 2118 ut
661 2081 722 2120 non
737 2061 829 2136 tales,
847 2063 947 2143 quales

263 2142 332 2202 ante
353 2141 456 2200 habitae
479 2141 560 2211 sint,
581 2156 630 2198 aut
653 2139 766 2220 plerum
787 2161 824 2201 ue
846 2142 949 2202 haberi

262 2220 401 2291 soleant,
422 2217 563 2277 habendae
581 2218 735 2278 videantur
756 2163 813 2280 etde
831 2241 839 2278 r
859 2238 891 2282 ut
910 2223 949 2282 ad

263 2297 364 2362 hostes
380 2301 500 2358 transire
517 2313 562 2356 tur
584 2297 732 2358 evidetur
747 2299 824 2368 effe3
843 2316 951 2362 arnon

265 2382 319 2442 illo
339 2381 461 2452 animo,
481 2399 540 2460 quo
589 2374 675 2458 lyffes
694 2377 828 2437 transiit:
847 2380 880 2439 ὃ(
897 2399 951 2459 pe·

267 2463 382 2524 cuniam
397 2464 426 2520 in
441 2479 521 2520 mare
537 2456 686 2538 dejicere,
706 2457 826 2531 inutile;
844 2477 873 2519 at
889 2480 952 2520 non

268 2564 307 2604 eo
331 2542 480 2615 consilio,
507 2562 565 2623 quo
588 2538 750 2621 Aristippus
773 2537 851 2602 fecit.
878 2538 952 2601 Sunt

269 2626 355 2706 igitur
381 2644 427 2685 res
452 2622 584 2704 quaedam
611 2641 646 2682 ex
673 2639 830 2703 tempore,
858 2621 891 2681 &
915 2642 952 2682 ex

268 2704 393 2765 consilio
413 2749 423 2779 ‚
446 2725 507 2763 non
524 2724 561 2764 ex
578 2701 627 2762 sua
643 2721 744 2763 natura
763 2702 951 2763 consideran-

269 2785 316 2844 dae
334 2805 342 2843 t
361 2784 463 2865 quibus
485 2787 515 2844 in
540 2785 674 2844 omnibus
691 2829 701 2857 ‚
721 2785 794 2866 quid
818 2801 953 2866 tempora

269 2880 399 2948 petant,
429 2880 478 2921 aut
504 2866 573 2944 quid
597 2863 725 2944 personis
749 2865 778 2922 di
799 2887 868 2924 num
894 2869 953 2937 sit,

270 2942 516 3004 considerandum
528 2942 569 3003 est
585 2963 592 3001 ε
609 2946 641 3003 &
655 2965 716 3003 non
728 2887 816 3023 quid,
830 2943 879 3003 sed
893 2966 952 3024 quo

270 3024 402 3109 quidque
420 3024 542 3095 animo,
564 3024 702 3105 quicum,
718 3045 777 3106 quo
796 3042 953 3106 tempore,
