<?xml version="1.0" encoding="UTF-8"?>
<!DOCTYPE html PUBLIC "-//W3C//DTD XHTML 1.0 Transitional//EN"
    "http://www.w3.org/TR/xhtml1/DTD/xhtml1-transitional.dtd">
<html xmlns="http://www.w3.org/1999/xhtml" xml:lang="en" lang="en">
 <head>
  <title>
</title>
<meta http-equiv="Content-Type" content="text/html;charset=utf-8" />
  <meta name='ocr-system' content='tesseract 3.04.00' />
  <meta name='ocr-capabilities' content='ocr_page ocr_carea ocr_par ocr_line ocrx_word'/>
</head>
<body>
  <div class='ocr_page' id='page_1' title='image "./mtulliiciceroni01lallgoog_0037.png"; bbox 0 0 2400 4067; ppageno 0'>
   <div class='ocr_carea' id='block_1_1' title="bbox 357 679 940 755">
    <p class='ocr_par' dir='ltr' id='par_1_1' title="bbox 357 679 940 755">
     <span class='ocr_line' id='line_1_1' title="bbox 357 679 940 755; baseline 0.003 -2"><span class='ocrx_word' id='word_1_1' title='bbox 357 701 418 753; x_wconf 75' lang='lat' dir='ltr'>Ao</span> <span class='ocrx_word' id='word_1_2' title='bbox 443 682 712 751; x_wconf 74' lang='lat' dir='ltr'>Hisnrumvnt</span> <span class='ocrx_word' id='word_1_3' title='bbox 736 681 776 752; x_wconf 89' lang='lat' dir='ltr'>L.</span> <span class='ocrx_word' id='word_1_4' title='bbox 804 679 836 754; x_wconf 90' lang='grc' dir='ltr'>Ι.</span> <span class='ocrx_word' id='word_1_5' title='bbox 896 700 940 755; x_wconf 90' lang='lat'>11</span> 
     </span>
    </p>
   </div>
   <div class='ocr_carea' id='block_1_2' title="bbox 249 799 974 3219">
    <p class='ocr_par' dir='ltr' id='par_1_2' title="bbox 249 799 974 1607">
     <span class='ocr_line' id='line_1_2' title="bbox 257 799 945 869; baseline -0.004 -15"><span class='ocrx_word' id='word_1_6' title='bbox 257 802 295 855; x_wconf 75' lang='lat' dir='ltr'>en</span> <span class='ocrx_word' id='word_1_7' title='bbox 309 800 363 853; x_wconf 72' lang='lat' dir='ltr'>fieta</span> <span class='ocrx_word' id='word_1_8' title='bbox 378 819 439 859; x_wconf 78' lang='lat' dir='ltr'>res,</span> <span class='ocrx_word' id='word_1_9' title='bbox 460 820 514 869; x_wconf 81' lang='lat' dir='ltr'>quae</span> <span class='ocrx_word' id='word_1_10' title='bbox 530 814 611 852; x_wconf 86' lang='lat' dir='ltr'>tamen</span> <span class='ocrx_word' id='word_1_11' title='bbox 628 799 681 850; x_wconf 81' lang='lat' dir='ltr'>fieri</span> <span class='ocrx_word' id='word_1_12' title='bbox 698 799 799 867; x_wconf 89' lang='lat' dir='ltr'>potuit,</span> <span class='ocrx_word' id='word_1_13' title='bbox 815 801 885 851; x_wconf 79' lang='lat' dir='ltr'>velut</span> <span class='ocrx_word' id='word_1_14' title='bbox 903 819 945 851; x_wconf 81' lang='lat' dir='ltr'>ar-</span> 
     </span>
     <span class='ocr_line' id='line_1_3' title="bbox 257 875 946 947; baseline -0.004 -20"><span class='ocrx_word' id='word_1_15' title='bbox 257 890 373 947; x_wconf 75' lang='lat' dir='ltr'>gumenta</span> <span class='ocrx_word' id='word_1_16' title='bbox 393 876 575 929; x_wconf 78' lang='lat' dir='ltr'>comoediarum.</span> <span class='ocrx_word' id='word_1_17' title='bbox 597 875 662 926; x_wconf 93' lang='lat' dir='ltr'>Illud</span> <span class='ocrx_word' id='word_1_18' title='bbox 682 891 759 942; x_wconf 81' lang='lat' dir='ltr'>genus</span> <span class='ocrx_word' id='word_1_19' title='bbox 779 875 946 935; x_wconf 83' lang='lat' dir='ltr'>narrationis,</span> 
     </span>
     <span class='ocr_line' id='line_1_4' title="bbox 249 947 946 1017; baseline -0.004 -16"><span class='ocrx_word' id='word_1_20' title='bbox 249 951 324 1017; x_wconf 26' lang='lat' dir='ltr'>,quod</span> <span class='ocrx_word' id='word_1_21' title='bbox 340 952 365 1001; x_wconf 86' lang='lat' dir='ltr'>in</span> <span class='ocrx_word' id='word_1_22' title='bbox 380 951 488 1017; x_wconf 84' lang='lat' dir='ltr'>personis</span> <span class='ocrx_word' id='word_1_23' title='bbox 506 950 612 1015; x_wconf 83' lang='lat' dir='ltr'>positum</span> <span class='ocrx_word' id='word_1_24' title='bbox 627 947 682 1007; x_wconf 85' lang='lat' dir='ltr'>est,</span> <span class='ocrx_word' id='word_1_25' title='bbox 699 949 772 998; x_wconf 86' lang='lat' dir='ltr'>debet</span> <span class='ocrx_word' id='word_1_26' title='bbox 784 949 874 998; x_wconf 81' lang='lat' dir='ltr'>habere</span> <span class='ocrx_word' id='word_1_27' title='bbox 894 948 946 998; x_wconf 84' lang='lat' dir='ltr'>ser-</span> 
     </span>
     <span class='ocr_line' id='line_1_5' title="bbox 255 1021 946 1082; baseline -0.006 -8"><span class='ocrx_word' id='word_1_28' title='bbox 255 1025 334 1074; x_wconf 90' lang='lat' dir='ltr'>monis</span> <span class='ocrx_word' id='word_1_29' title='bbox 355 1024 527 1082; x_wconf 80' lang='lat' dir='ltr'>festivitatem,</span> <span class='ocrx_word' id='word_1_30' title='bbox 548 1025 682 1073; x_wconf 84' lang='lat' dir='ltr'>animorum</span> <span class='ocrx_word' id='word_1_31' title='bbox 702 1021 946 1082; x_wconf 83' lang='lat' dir='ltr'>dissimilitudinem,</span> 
     </span>
     <span class='ocr_line' id='line_1_6' title="bbox 255 1095 947 1168; baseline -0.007 -19"><span class='ocrx_word' id='word_1_32' title='bbox 255 1099 419 1168; x_wconf 77' lang='lat' dir='ltr'>gravitatem,</span> <span class='ocrx_word' id='word_1_33' title='bbox 437 1097 579 1156; x_wconf 81' lang='lat' dir='ltr'>lenitatem,</span> <span class='ocrx_word' id='word_1_34' title='bbox 603 1097 686 1163; x_wconf 86' lang='lat' dir='ltr'>spem,</span> <span class='ocrx_word' id='word_1_35' title='bbox 704 1106 813 1153; x_wconf 88' lang='lat' dir='ltr'>metum,</span> <span class='ocrx_word' id='word_1_36' title='bbox 832 1095 947 1160; x_wconf 83' lang='lat' dir='ltr'>suspicio-</span> 
     </span>
     <span class='ocr_line' id='line_1_7' title="bbox 254 1168 946 1236; baseline -0.007 -13"><span class='ocrx_word' id='word_1_37' title='bbox 254 1189 331 1232; x_wconf 84' lang='lat' dir='ltr'>nem,</span> <span class='ocrx_word' id='word_1_38' title='bbox 357 1172 522 1230; x_wconf 87' lang='lat' dir='ltr'>desiderium,</span> <span class='ocrx_word' id='word_1_39' title='bbox 547 1171 780 1229; x_wconf 80' lang='lat' dir='ltr'>dissimulationem,</span> <span class='ocrx_word' id='word_1_40' title='bbox 807 1168 946 1236; x_wconf 82' lang='lat' dir='ltr'>misericor·</span> 
     </span>
     <span class='ocr_line' id='line_1_8' title="bbox 252 1242 974 1305; baseline -0.004 -9"><span class='ocrx_word' id='word_1_41' title='bbox 252 1247 341 1305; x_wconf 84' lang='lat' dir='ltr'>diam,</span> <span class='ocrx_word' id='word_1_42' title='bbox 365 1263 447 1296; x_wconf 86' lang='lat' dir='ltr'>rerum</span> <span class='ocrx_word' id='word_1_43' title='bbox 469 1245 622 1304; x_wconf 77' lang='lat' dir='ltr'>uarietates,</span> <span class='ocrx_word' id='word_1_44' title='bbox 642 1244 746 1294; x_wconf 81' lang='lat' dir='ltr'>fortunae</span> <span class='ocrx_word' id='word_1_45' title='bbox 772 1242 947 1293; x_wconf 81' lang='lat' dir='ltr'>commutatio·</span> <span class='ocrx_word' id='word_1_46' title='bbox 972 1296 974 1300; x_wconf 66' lang='grc'>,</span> 
     </span>
     <span class='ocr_line' id='line_1_9' title="bbox 253 1314 947 1386; baseline -0.007 -17"><span class='ocrx_word' id='word_1_47' title='bbox 253 1336 329 1378; x_wconf 86' lang='lat' dir='ltr'>nem,</span> <span class='ocrx_word' id='word_1_48' title='bbox 344 1320 490 1386; x_wconf 80' lang='lat' dir='ltr'>insperatum</span> <span class='ocrx_word' id='word_1_49' title='bbox 502 1318 697 1377; x_wconf 85' lang='lat' dir='ltr'>incommodum,</span> <span class='ocrx_word' id='word_1_50' title='bbox 711 1314 809 1368; x_wconf 77' lang='lat' dir='ltr'>subitam</span> <span class='ocrx_word' id='word_1_51' title='bbox 821 1317 947 1377; x_wconf 84' lang='lat' dir='ltr'>laetitiam,</span> 
     </span>
     <span class='ocr_line' id='line_1_10' title="bbox 251 1389 946 1460; baseline 0.001 -18"><span class='ocrx_word' id='word_1_52' title='bbox 251 1391 388 1460; x_wconf 71' lang='lat' dir='ltr'>jucundum</span> <span class='ocrx_word' id='word_1_53' title='bbox 409 1395 500 1445; x_wconf 84' lang='lat' dir='ltr'>exitum</span> <span class='ocrx_word' id='word_1_54' title='bbox 519 1409 612 1446; x_wconf 88' lang='lat' dir='ltr'>rerum.</span> <span class='ocrx_word' id='word_1_55' title='bbox 640 1389 734 1446; x_wconf 75' lang='lat' dir='ltr'>Verum</span> <span class='ocrx_word' id='word_1_56' title='bbox 754 1392 807 1442; x_wconf 79' lang='lat' dir='ltr'>haec</span> <span class='ocrx_word' id='word_1_57' title='bbox 826 1390 851 1442; x_wconf 90' lang='lat' dir='ltr'>in</span> <span class='ocrx_word' id='word_1_58' title='bbox 873 1406 946 1443; x_wconf 82' lang='lat' dir='ltr'>exer·</span> 
     </span>
     <span class='ocr_line' id='line_1_11' title="bbox 250 1463 946 1535; baseline -0.004 -18"><span class='ocrx_word' id='word_1_59' title='bbox 250 1467 336 1517; x_wconf 42' lang='lat' dir='ltr'>&#39;sendo</span> <span class='ocrx_word' id='word_1_60' title='bbox 359 1469 535 1535; x_wconf 79' lang='lat' dir='ltr'>transigentur.</span> <span class='ocrx_word' id='word_1_61' title='bbox 561 1467 650 1524; x_wconf 85' lang='lat' dir='ltr'>iilud,</span> <span class='ocrx_word' id='word_1_62' title='bbox 678 1465 744 1532; x_wconf 90' lang='lat' dir='ltr'>quod</span> <span class='ocrx_word' id='word_1_63' title='bbox 764 1464 794 1514; x_wconf 86' lang='lat' dir='ltr'>ad</span> <span class='ocrx_word' id='word_1_64' title='bbox 815 1463 946 1517; x_wconf 81' lang='lat' dir='ltr'>veritatem</span> 
     </span>
     <span class='ocr_line' id='line_1_12' title="bbox 253 1537 947 1607; baseline -0.001 -18"><span class='ocrx_word' id='word_1_65' title='bbox 253 1539 381 1607; x_wconf 82' lang='lat' dir='ltr'>pertinet,</span> <span class='ocrx_word' id='word_1_66' title='bbox 395 1539 518 1605; x_wconf 88' lang='lat' dir='ltr'>quomodo</span> <span class='ocrx_word' id='word_1_67' title='bbox 530 1539 626 1588; x_wconf 65' lang='lat' dir='ltr'>trattati</span> <span class='ocrx_word' id='word_1_68' title='bbox 636 1538 784 1594; x_wconf 84' lang='lat' dir='ltr'>conveniat,</span> <span class='ocrx_word' id='word_1_69' title='bbox 799 1537 947 1602; x_wconf 71' lang='lat' dir='ltr'>aperiemus.</span> 
     </span>
    </p>

    <p class='ocr_par' dir='ltr' id='par_1_3' title="bbox 253 1610 1027 3070">
     <span class='ocr_line' id='line_1_13' title="bbox 293 1610 945 1669; baseline 0 -8"><span class='ocrx_word' id='word_1_70' title='bbox 293 1611 348 1662; x_wconf 73' lang='lat' dir='ltr'>tx,</span> <span class='ocrx_word' id='word_1_71' title='bbox 374 1612 438 1662; x_wconf 84' lang='lat' dir='ltr'>Tres</span> <span class='ocrx_word' id='word_1_72' title='bbox 456 1611 572 1661; x_wconf 79' lang='lat' dir='ltr'>convenit</span> <span class='ocrx_word' id='word_1_73' title='bbox 594 1626 634 1660; x_wconf 85' lang='lat' dir='ltr'>res</span> <span class='ocrx_word' id='word_1_74' title='bbox 651 1610 742 1658; x_wconf 84' lang='lat' dir='ltr'>habere</span> <span class='ocrx_word' id='word_1_75' title='bbox 764 1610 945 1669; x_wconf 83' lang='lat' dir='ltr'>narrationem.</span> 
     </span>
     <span class='ocr_line' id='line_1_14' title="bbox 254 1681 946 1749; baseline -0.004 -13"><span class='ocrx_word' id='word_1_76' title='bbox 254 1695 285 1738; x_wconf 83' lang='lat' dir='ltr'>ut</span> <span class='ocrx_word' id='word_1_77' title='bbox 304 1683 407 1743; x_wconf 74' lang='lat' dir='ltr'>brevis,</span> <span class='ocrx_word' id='word_1_78' title='bbox 427 1696 454 1734; x_wconf 91' lang='lat' dir='ltr'>ut</span> <span class='ocrx_word' id='word_1_79' title='bbox 472 1683 595 1742; x_wconf 83' lang='lat' dir='ltr'>diiucida,</span> <span class='ocrx_word' id='word_1_80' title='bbox 616 1693 644 1732; x_wconf 91' lang='lat' dir='ltr'>ut</span> <span class='ocrx_word' id='word_1_81' title='bbox 661 1681 798 1733; x_wconf 83' lang='lat' dir='ltr'>verisimilis</span> <span class='ocrx_word' id='word_1_82' title='bbox 817 1683 849 1732; x_wconf 84' lang='lat' dir='ltr'>sit</span> <span class='ocrx_word' id='word_1_83' title='bbox 866 1699 874 1732; x_wconf 81' lang='lat' dir='ltr'>r</span> <span class='ocrx_word' id='word_1_84' title='bbox 892 1700 946 1749; x_wconf 77' lang='lat' dir='ltr'>quar</span> 
     </span>
     <span class='ocr_line' id='line_1_15' title="bbox 253 1755 947 1823; baseline 0.003 -17"><span class='ocrx_word' id='word_1_85' title='bbox 253 1757 370 1823; x_wconf 80' lang='lat' dir='ltr'>quoniam</span> <span class='ocrx_word' id='word_1_86' title='bbox 391 1756 445 1806; x_wconf 86' lang='lat' dir='ltr'>fieri</span> <span class='ocrx_word' id='word_1_87' title='bbox 467 1768 582 1822; x_wconf 83' lang='lat' dir='ltr'>oportere</span> <span class='ocrx_word' id='word_1_88' title='bbox 603 1755 716 1814; x_wconf 83' lang='lat' dir='ltr'>scimus,</span> <span class='ocrx_word' id='word_1_89' title='bbox 745 1755 947 1821; x_wconf 79' lang='lat' dir='ltr'>quemadmodum</span> 
     </span>
     <span class='ocr_line' id='line_1_16' title="bbox 255 1827 947 1896; baseline -0.003 -14"><span class='ocrx_word' id='word_1_90' title='bbox 255 1830 391 1887; x_wconf 80' lang='lat' dir='ltr'>faciamus,</span> <span class='ocrx_word' id='word_1_91' title='bbox 411 1829 606 1896; x_wconf 86' lang='lat' dir='ltr'>cognoscendum</span> <span class='ocrx_word' id='word_1_92' title='bbox 623 1828 666 1879; x_wconf 84' lang='lat' dir='ltr'>est.</span> <span class='ocrx_word' id='word_1_93' title='bbox 690 1827 752 1878; x_wconf 89' lang='lat' dir='ltr'>Rem</span> <span class='ocrx_word' id='word_1_94' title='bbox 768 1830 875 1879; x_wconf 84' lang='lat' dir='ltr'>breviter</span> <span class='ocrx_word' id='word_1_95' title='bbox 893 1847 947 1881; x_wconf 82' lang='lat' dir='ltr'>nar·</span> 
     </span>
     <span class='ocr_line' id='line_1_17' title="bbox 254 1901 947 1969; baseline 0.003 -16"><span class='ocrx_word' id='word_1_96' title='bbox 254 1920 310 1957; x_wconf 83' lang='lat' dir='ltr'>tare</span> <span class='ocrx_word' id='word_1_97' title='bbox 320 1903 454 1969; x_wconf 84' lang='lat' dir='ltr'>poterimus</span> <span class='ocrx_word' id='word_1_98' title='bbox 469 1935 477 1960; x_wconf 91' lang='lat'>,</span> <span class='ocrx_word' id='word_1_99' title='bbox 496 1903 517 1952; x_wconf 84' lang='lat' dir='ltr'>si</span> <span class='ocrx_word' id='word_1_100' title='bbox 526 1901 582 1952; x_wconf 90' lang='lat' dir='ltr'>inde</span> <span class='ocrx_word' id='word_1_101' title='bbox 597 1901 739 1968; x_wconf 82' lang='lat' dir='ltr'>incipiemus</span> <span class='ocrx_word' id='word_1_102' title='bbox 750 1919 866 1961; x_wconf 83' lang='lat' dir='ltr'>narrare,</span> <span class='ocrx_word' id='word_1_103' title='bbox 881 1902 947 1956; x_wconf 81' lang='lat' dir='ltr'>unde</span> 
     </span>
     <span class='ocr_line' id='line_1_18' title="bbox 255 1975 949 2043; baseline -0.006 -16"><span class='ocrx_word' id='word_1_104' title='bbox 255 1976 352 2028; x_wconf 77' lang='lat' dir='ltr'>necess&#39;e</span> <span class='ocrx_word' id='word_1_105' title='bbox 372 1976 444 2034; x_wconf 86' lang='lat' dir='ltr'>erit,</span> <span class='ocrx_word' id='word_1_106' title='bbox 472 1975 538 2026; x_wconf 89' lang='lat' dir='ltr'>&amp;si</span> <span class='ocrx_word' id='word_1_107' title='bbox 558 1992 609 2025; x_wconf 90' lang='lat' dir='ltr'>non</span> <span class='ocrx_word' id='word_1_108' title='bbox 629 1977 658 2025; x_wconf 83' lang='lat' dir='ltr'>ab</span> <span class='ocrx_word' id='word_1_109' title='bbox 679 1976 763 2025; x_wconf 85' lang='lat' dir='ltr'>ultimo</span> <span class='ocrx_word' id='word_1_110' title='bbox 784 1975 854 2026; x_wconf 87' lang='lat' dir='ltr'>initio</span> <span class='ocrx_word' id='word_1_111' title='bbox 874 1993 949 2043; x_wconf 76' lang='lat' dir='ltr'>repe.-</span> 
     </span>
     <span class='ocr_line' id='line_1_19' title="bbox 254 2049 948 2114; baseline 0.003 -13"><span class='ocrx_word' id='word_1_112' title='bbox 254 2063 310 2101; x_wconf 86' lang='lat' dir='ltr'>tere</span> <span class='ocrx_word' id='word_1_113' title='bbox 322 2051 433 2100; x_wconf 84' lang='lat' dir='ltr'>volemus</span> <span class='ocrx_word' id='word_1_114' title='bbox 444 2067 454 2110; x_wconf 80' lang='lat'><em>3</em></span> <span class='ocrx_word' id='word_1_115' title='bbox 473 2050 500 2099; x_wconf 69' lang='grc' dir='ltr'>ὃ(</span> <span class='ocrx_word' id='word_1_116' title='bbox 514 2050 535 2099; x_wconf 85' lang='lat' dir='ltr'>si</span> <span class='ocrx_word' id='word_1_117' title='bbox 554 2049 705 2108; x_wconf 81' lang='lat' dir='ltr'>summatim,</span> <span class='ocrx_word' id='word_1_118' title='bbox 723 2065 774 2099; x_wconf 91' lang='lat' dir='ltr'>non</span> <span class='ocrx_word' id='word_1_119' title='bbox 784 2050 948 2114; x_wconf 82' lang='lat' dir='ltr'>particulatim</span> 
     </span>
     <span class='ocr_line' id='line_1_20' title="bbox 253 2122 948 2191; baseline -0.001 -16"><span class='ocrx_word' id='word_1_120' title='bbox 253 2124 423 2182; x_wconf 81' lang='lat' dir='ltr'>narrabimus3</span> <span class='ocrx_word' id='word_1_121' title='bbox 446 2122 574 2174; x_wconf 81' lang='lat' dir='ltr'>&amp;sinon</span> <span class='ocrx_word' id='word_1_122' title='bbox 592 2122 623 2172; x_wconf 84' lang='lat' dir='ltr'>ad</span> <span class='ocrx_word' id='word_1_123' title='bbox 639 2138 794 2182; x_wconf 81' lang='lat' dir='ltr'>extremum,</span> <span class='ocrx_word' id='word_1_124' title='bbox 813 2122 854 2174; x_wconf 85' lang='lat' dir='ltr'>sed</span> <span class='ocrx_word' id='word_1_125' title='bbox 871 2123 948 2191; x_wconf 74' lang='lat' dir='ltr'>usque</span> 
     </span>
     <span class='ocr_line' id='line_1_21' title="bbox 255 2194 949 2264; baseline 0 -16"><span class='ocrx_word' id='word_1_126' title='bbox 255 2196 309 2258; x_wconf 81' lang='lat' dir='ltr'>ed,</span> <span class='ocrx_word' id='word_1_127' title='bbox 329 2194 378 2264; x_wconf 72' lang='lat' dir='ltr'>qud</span> <span class='ocrx_word' id='word_1_128' title='bbox 397 2213 459 2263; x_wconf 91' lang='lat' dir='ltr'>opus</span> <span class='ocrx_word' id='word_1_129' title='bbox 478 2196 543 2254; x_wconf 88' lang='lat' dir='ltr'>erit,</span> <span class='ocrx_word' id='word_1_130' title='bbox 564 2196 738 2263; x_wconf 77' lang='lat' dir='ltr'>prosequemur</span> <span class='ocrx_word' id='word_1_131' title='bbox 748 2214 757 2255; x_wconf 87' lang='lat'>;</span> <span class='ocrx_word' id='word_1_132' title='bbox 780 2196 806 2246; x_wconf 82' lang='lat' dir='ltr'>dt</span> <span class='ocrx_word' id='word_1_133' title='bbox 821 2197 843 2247; x_wconf 82' lang='lat' dir='ltr'>si</span> <span class='ocrx_word' id='word_1_134' title='bbox 860 2198 949 2248; x_wconf 83' lang='lat' dir='ltr'>transi·</span> 
     </span>
     <span class='ocr_line' id='line_1_22' title="bbox 255 2270 949 2328; baseline 0.001 -7"><span class='ocrx_word' id='word_1_135' title='bbox 255 2272 363 2322; x_wconf 88' lang='lat' dir='ltr'>tionibus</span> <span class='ocrx_word' id='word_1_136' title='bbox 386 2271 457 2320; x_wconf 90' lang='lat' dir='ltr'>nullis</span> <span class='ocrx_word' id='word_1_137' title='bbox 481 2281 598 2328; x_wconf 86' lang='lat' dir='ltr'>utemur;</span> <span class='ocrx_word' id='word_1_138' title='bbox 620 2270 647 2320; x_wconf 80' lang='lat' dir='ltr'>dt</span> <span class='ocrx_word' id='word_1_139' title='bbox 671 2271 691 2320; x_wconf 90' lang='lat' dir='ltr'>si</span> <span class='ocrx_word' id='word_1_140' title='bbox 709 2286 760 2322; x_wconf 90' lang='lat' dir='ltr'>non</span> <span class='ocrx_word' id='word_1_141' title='bbox 784 2270 949 2322; x_wconf 74' lang='lat' dir='ltr'>deerrabimue</span> 
     </span>
     <span class='ocr_line' id='line_1_23' title="bbox 256 2343 947 2411; baseline 0.006 -17"><span class='ocrx_word' id='word_1_142' title='bbox 256 2346 287 2394; x_wconf 78' lang='lat' dir='ltr'>ab</span> <span class='ocrx_word' id='word_1_143' title='bbox 304 2361 353 2403; x_wconf 88' lang='lat' dir='ltr'>eo,</span> <span class='ocrx_word' id='word_1_144' title='bbox 373 2344 439 2411; x_wconf 91' lang='lat' dir='ltr'>quod</span> <span class='ocrx_word' id='word_1_145' title='bbox 459 2344 604 2410; x_wconf 80' lang='lat' dir='ltr'>coeperimus</span> <span class='ocrx_word' id='word_1_146' title='bbox 619 2359 765 2408; x_wconf 83' lang='lat' dir='ltr'>exponere3</span> <span class='ocrx_word' id='word_1_147' title='bbox 787 2343 850 2394; x_wconf 87' lang='lat' dir='ltr'>&amp;si</span> <span class='ocrx_word' id='word_1_148' title='bbox 866 2345 947 2398; x_wconf 74' lang='lat' dir='ltr'>exitus</span> 
     </span>
     <span class='ocr_line' id='line_1_24' title="bbox 256 2415 946 2483; baseline 0.003 -16"><span class='ocrx_word' id='word_1_149' title='bbox 256 2434 339 2467; x_wconf 86' lang='lat' dir='ltr'>rerum</span> <span class='ocrx_word' id='word_1_150' title='bbox 354 2415 387 2465; x_wconf 87' lang='lat' dir='ltr'>ita</span> <span class='ocrx_word' id='word_1_151' title='bbox 404 2433 571 2482; x_wconf 84' lang='lat' dir='ltr'>exponemus,</span> <span class='ocrx_word' id='word_1_152' title='bbox 590 2428 618 2467; x_wconf 90' lang='lat' dir='ltr'>ut</span> <span class='ocrx_word' id='word_1_153' title='bbox 634 2417 690 2466; x_wconf 70' lang='lat' dir='ltr'>ante</span> <span class='ocrx_word' id='word_1_154' title='bbox 704 2433 801 2483; x_wconf 91' lang='lat' dir='ltr'>quoque</span> <span class='ocrx_word' id='word_1_155' title='bbox 815 2434 867 2483; x_wconf 82' lang='lat' dir='ltr'>quae</span> <span class='ocrx_word' id='word_1_156' title='bbox 884 2419 946 2469; x_wconf 78' lang='lat' dir='ltr'>fana</span> 
     </span>
     <span class='ocr_line' id='line_1_25' title="bbox 258 2488 946 2554; baseline 0.003 -15"><span class='ocrx_word' id='word_1_157' title='bbox 258 2490 336 2548; x_wconf 88' lang='lat' dir='ltr'>sunt,</span> <span class='ocrx_word' id='word_1_158' title='bbox 361 2488 416 2538; x_wconf 87' lang='lat' dir='ltr'>sciri</span> <span class='ocrx_word' id='word_1_159' title='bbox 438 2489 553 2554; x_wconf 83' lang='lat' dir='ltr'>possint,</span> <span class='ocrx_word' id='word_1_160' title='bbox 577 2489 676 2538; x_wconf 84' lang='lat' dir='ltr'>tametsi</span> <span class='ocrx_word' id='word_1_161' title='bbox 696 2506 742 2538; x_wconf 89' lang='lat' dir='ltr'>nos</span> <span class='ocrx_word' id='word_1_162' title='bbox 768 2490 946 2542; x_wconf 84' lang='lat' dir='ltr'>reticuerimus.</span> 
     </span>
     <span class='ocr_line' id='line_1_26' title="bbox 259 2561 947 2630; baseline 0.003 -18"><span class='ocrx_word' id='word_1_163' title='bbox 259 2562 337 2628; x_wconf 86' lang='lat' dir='ltr'>Quod</span> <span class='ocrx_word' id='word_1_164' title='bbox 349 2578 443 2630; x_wconf 84' lang='lat' dir='ltr'>genus,</span> <span class='ocrx_word' id='word_1_165' title='bbox 460 2561 480 2610; x_wconf 88' lang='lat' dir='ltr'>si</span> <span class='ocrx_word' id='word_1_166' title='bbox 493 2561 585 2618; x_wconf 82' lang='lat' dir='ltr'>dicam,</span> <span class='ocrx_word' id='word_1_167' title='bbox 604 2577 642 2610; x_wconf 87' lang='lat' dir='ltr'>me</span> <span class='ocrx_word' id='word_1_168' title='bbox 656 2577 687 2610; x_wconf 82' lang='lat' dir='ltr'>ex</span> <span class='ocrx_word' id='word_1_169' title='bbox 698 2561 822 2626; x_wconf 82' lang='lat' dir='ltr'>provincia</span> <span class='ocrx_word' id='word_1_170' title='bbox 836 2563 947 2624; x_wconf 74' lang='lat' dir='ltr'>rediisse,</span> 
     </span>
     <span class='ocr_line' id='line_1_27' title="bbox 258 2633 949 2704; baseline 0 -17"><span class='ocrx_word' id='word_1_171' title='bbox 258 2636 394 2704; x_wconf 72' lang='lat' dir='ltr'>profeiium</span> <span class='ocrx_word' id='word_1_172' title='bbox 414 2651 511 2702; x_wconf 88' lang='lat' dir='ltr'>quoque</span> <span class='ocrx_word' id='word_1_173' title='bbox 528 2634 552 2683; x_wconf 90' lang='lat' dir='ltr'>in</span> <span class='ocrx_word' id='word_1_174' title='bbox 571 2633 720 2700; x_wconf 83' lang='lat' dir='ltr'>provintiam</span> <span class='ocrx_word' id='word_1_175' title='bbox 739 2633 896 2701; x_wconf 82' lang='lat' dir='ltr'>intelligatur.</span> <span class='ocrx_word' id='word_1_176' title='bbox 916 2636 949 2688; x_wconf 83' lang='lat' dir='ltr'>Et</span> 
     </span>
     <span class='ocr_line' id='line_1_28' title="bbox 258 2705 949 2774; baseline -0.003 -14"><span class='ocrx_word' id='word_1_177' title='bbox 258 2710 360 2761; x_wconf 89' lang='lat' dir='ltr'>omnino</span> <span class='ocrx_word' id='word_1_178' title='bbox 382 2727 431 2759; x_wconf 95' lang='lat' dir='ltr'>non</span> <span class='ocrx_word' id='word_1_179' title='bbox 453 2705 525 2758; x_wconf 80' lang='lat' dir='ltr'>modi&gt;</span> <span class='ocrx_word' id='word_1_180' title='bbox 543 2708 587 2767; x_wconf 91' lang='lat' dir='ltr'>id,</span> <span class='ocrx_word' id='word_1_181' title='bbox 617 2708 683 2774; x_wconf 88' lang='lat' dir='ltr'>quod</span> <span class='ocrx_word' id='word_1_182' title='bbox 702 2707 788 2766; x_wconf 82' lang='lat' dir='ltr'>obest3</span> <span class='ocrx_word' id='word_1_183' title='bbox 814 2709 949 2763; x_wconf 83' lang='lat' dir='ltr'>sedetiam</span> 
     </span>
     <span class='ocr_line' id='line_1_29' title="bbox 258 2781 948 2851; baseline -0.001 -16"><span class='ocrx_word' id='word_1_184' title='bbox 258 2785 301 2843; x_wconf 90' lang='lat' dir='ltr'>id,</span> <span class='ocrx_word' id='word_1_185' title='bbox 319 2784 385 2851; x_wconf 90' lang='lat' dir='ltr'>quod</span> <span class='ocrx_word' id='word_1_186' title='bbox 400 2800 479 2850; x_wconf 89' lang='lat' dir='ltr'>neque</span> <span class='ocrx_word' id='word_1_187' title='bbox 496 2781 582 2841; x_wconf 81' lang='lat' dir='ltr'>obest,</span> <span class='ocrx_word' id='word_1_188' title='bbox 597 2799 677 2849; x_wconf 87' lang='lat' dir='ltr'>neque</span> <span class='ocrx_word' id='word_1_189' title='bbox 693 2781 810 2848; x_wconf 81' lang='lat' dir='ltr'>adjuvat,</span> <span class='ocrx_word' id='word_1_190' title='bbox 828 2781 898 2832; x_wconf 84' lang='lat' dir='ltr'>satius</span> <span class='ocrx_word' id='word_1_191' title='bbox 913 2782 948 2837; x_wconf 81' lang='lat' dir='ltr'>est</span> 
     </span>
     <span class='ocr_line' id='line_1_30' title="bbox 259 2856 948 2926; baseline -0.004 -18"><span class='ocrx_word' id='word_1_192' title='bbox 259 2859 394 2926; x_wconf 72' lang='lat' dir='ltr'>preterire.</span> <span class='ocrx_word' id='word_1_193' title='bbox 417 2858 450 2907; x_wconf 90' lang='lat' dir='ltr'>Et</span> <span class='ocrx_word' id='word_1_194' title='bbox 467 2874 504 2918; x_wconf 67' lang='lat' dir='ltr'>ne⁴</span> <span class='ocrx_word' id='word_1_195' title='bbox 516 2857 551 2906; x_wconf 89' lang='lat' dir='ltr'>bis</span> <span class='ocrx_word' id='word_1_196' title='bbox 570 2868 612 2906; x_wconf 86' lang='lat' dir='ltr'>aut</span> <span class='ocrx_word' id='word_1_197' title='bbox 630 2856 715 2922; x_wconf 84' lang='lat' dir='ltr'>saepins</span> <span class='ocrx_word' id='word_1_198' title='bbox 734 2856 797 2905; x_wconf 85' lang='lat' dir='ltr'>idom</span> <span class='ocrx_word' id='word_1_199' title='bbox 817 2857 948 2915; x_wconf 86' lang='lat' dir='ltr'>dicamus,</span> 
     </span>
     <span class='ocr_line' id='line_1_31' title="bbox 260 2930 949 2998; baseline 0.001 -17"><span class='ocrx_word' id='word_1_200' title='bbox 260 2931 394 2981; x_wconf 83' lang='lat' dir='ltr'>cavendum</span> <span class='ocrx_word' id='word_1_201' title='bbox 413 2931 446 2980; x_wconf 84' lang='lat' dir='ltr'>est</span> <span class='ocrx_word' id='word_1_202' title='bbox 464 2947 472 2980; x_wconf 75' lang='grc' dir='ltr'><strong><em>ε</em></strong></span> <span class='ocrx_word' id='word_1_203' title='bbox 488 2931 559 2980; x_wconf 83' lang='lat' dir='ltr'>etiam</span> <span class='ocrx_word' id='word_1_204' title='bbox 581 2947 612 2978; x_wconf 88' lang='lat' dir='ltr'>ne</span> <span class='ocrx_word' id='word_1_205' title='bbox 636 2930 679 2989; x_wconf 85' lang='lat' dir='ltr'>id,</span> <span class='ocrx_word' id='word_1_206' title='bbox 701 2931 765 2996; x_wconf 87' lang='lat' dir='ltr'>quod</span> <span class='ocrx_word' id='word_1_207' title='bbox 787 2930 860 2980; x_wconf 87' lang='lat' dir='ltr'>semei</span> <span class='ocrx_word' id='word_1_208' title='bbox 879 2930 949 2998; x_wconf 58' lang='lat' dir='ltr'>supr&amp;</span> 
     </span>
     <span class='ocr_line' id='line_1_32' title="bbox 261 3004 829 3070; baseline -0.004 -15"><span class='ocrx_word' id='word_1_209' title='bbox 261 3005 381 3063; x_wconf 80' lang='lat' dir='ltr'>diximus,</span> <span class='ocrx_word' id='word_1_210' title='bbox 400 3005 513 3070; x_wconf 87' lang='lat' dir='ltr'>deinceps</span> <span class='ocrx_word' id='word_1_211' title='bbox 530 3005 655 3062; x_wconf 83' lang='lat' dir='ltr'>dicamus,</span> <span class='ocrx_word' id='word_1_212' title='bbox 670 3006 718 3052; x_wconf 88' lang='lat' dir='ltr'>hoc</span> <span class='ocrx_word' id='word_1_213' title='bbox 736 3004 808 3052; x_wconf 89' lang='lat' dir='ltr'>modo</span> <span class='ocrx_word' id='word_1_214' title='bbox 823 3021 829 3053; x_wconf 75' lang='grc' dir='ltr'><em>τ</em></span> 
     </span>
    </p>

    <p class='ocr_par' dir='ltr' id='par_1_4' title="bbox 299 3074 865 3146">
     <span class='ocr_line' id='line_1_33' title="bbox 299 3074 865 3146; baseline -0.004 -20"><span class='ocrx_word' id='word_1_215' title='bbox 299 3078 400 3126; x_wconf 77' lang='lat' dir='ltr'>Athenis</span> <span class='ocrx_word' id='word_1_216' title='bbox 416 3077 540 3146; x_wconf 83' lang='lat' dir='ltr'>Megaram</span> <span class='ocrx_word' id='word_1_217' title='bbox 556 3074 647 3145; x_wconf 67' lang='lat' dir='ltr'>uesperi</span> <span class='ocrx_word' id='word_1_218' title='bbox 664 3078 760 3126; x_wconf 82' lang='lat' dir='ltr'>advenit</span> <span class='ocrx_word' id='word_1_219' title='bbox 777 3075 841 3126; x_wconf 85' lang='lat' dir='ltr'>Simo</span> <span class='ocrx_word' id='word_1_220' title='bbox 857 3092 865 3124; x_wconf 87' lang='lat'>.·</span> 
     </span>
    </p>

    <p class='ocr_par' dir='ltr' id='par_1_5' title="bbox 302 3147 950 3219">
     <span class='ocr_line' id='line_1_34' title="bbox 302 3147 950 3219; baseline 0.005 -23"><span class='ocrx_word' id='word_1_221' title='bbox 302 3148 351 3197; x_wconf 83' lang='lat' dir='ltr'>Ubi</span> <span class='ocrx_word' id='word_1_222' title='bbox 370 3152 466 3199; x_wconf 78' lang='lat' dir='ltr'>advenit</span> <span class='ocrx_word' id='word_1_223' title='bbox 482 3151 626 3219; x_wconf 78' lang='lat' dir='ltr'>Megaram,</span> <span class='ocrx_word' id='word_1_224' title='bbox 648 3152 745 3199; x_wconf 81' lang='lat' dir='ltr'>insidias</span> <span class='ocrx_word' id='word_1_225' title='bbox 764 3149 826 3213; x_wconf 77' lang='lat' dir='ltr'>serit</span> <span class='ocrx_word' id='word_1_226' title='bbox 843 3147 950 3215; x_wconf 69' lang='lat' dir='ltr'>virgini:</span> 
     </span>
    </p>
   </div>
   <div class='ocr_carea' id='block_1_3' title="bbox 299 3220 915 3364">
    <p class='ocr_par' dir='ltr' id='par_1_6' title="bbox 299 3220 915 3364">
     <span class='ocr_line' id='line_1_35' title="bbox 299 3220 915 3348; baseline -0.005 -73"><span class='ocrx_word' id='word_1_227' title='bbox 299 3220 405 3275; x_wconf 66' lang='lat' dir='ltr'>Insidias</span> <span class='ocrx_word' id='word_1_228' title='bbox 417 3224 537 3300; x_wconf 72' lang='lat' dir='ltr'>postquam</span> <span class='ocrx_word' id='word_1_229' title='bbox 549 3223 612 3294; x_wconf 70' lang='lat' dir='ltr'>facit</span> <span class='ocrx_word' id='word_1_230' title='bbox 621 3257 631 3281; x_wconf 84' lang='grc'><strong><em>,</em></strong></span> <span class='ocrx_word' id='word_1_231' title='bbox 647 3225 694 3275; x_wconf 75' lang='lat' dir='ltr'>vim</span> <span class='ocrx_word' id='word_1_232' title='bbox 710 3225 735 3273; x_wconf 84' lang='lat' dir='ltr'>in</span> <span class='ocrx_word' id='word_1_233' title='bbox 752 3223 807 3348; x_wconf 57' lang='lat' dir='ltr'>dorp</span> <span class='ocrx_word' id='word_1_234' title='bbox 824 3223 915 3304; x_wconf 67' lang='lat' dir='ltr'>attulit,</span> 
     </span>
     <span class='ocr_line' id='line_1_36' title="bbox 819 3313 844 3364; baseline 0 0"><span class='ocrx_word' id='word_1_235' title='bbox 819 3313 844 3364; x_wconf 78' lang='lat' dir='ltr'>vJ</span> 
     </span>
    </p>
   </div>
   <div class='ocr_carea' id='block_1_4' title="bbox 0 0 1213 4067">
    <p class='ocr_par' dir='ltr' id='par_1_7' title="bbox 0 0 1213 4067">
     <span class='ocr_line' id='line_1_37' title="bbox 0 0 1213 4067; baseline 0 0"><span class='ocrx_word' id='word_1_236' title='bbox 0 0 1213 4067; x_wconf 95' lang='lat' dir='ltr'> </span> 
     </span>
    </p>
   </div>
  </div>
 </body>
</html>
