2400 4067
333 452 412 545 236
460 452 534 519 Dr
560 450 892 521 INVENTIoNs

332 584 406 643 tos,
433 566 539 649 magnai
560 564 698 647 praeditos
723 565 871 648 dignitate.
901 564 1023 628 Etenim

333 649 464 731 quodam
476 665 612 729 tempore
624 644 804 707 Crotoniatae
818 646 942 708 multum
957 670 1024 720 orn·

333 732 417 791 nibus
431 750 588 819 corporum
599 728 754 787 viribus&
768 727 957 810 dignitatibus
970 750 1023 789 an·

334 809 525 885 testeterunt,
545 828 632 890 atque
649 806 862 869 honestissimas
878 829 916 868 ex
930 830 1023 892 gym-

335 895 404 952 nico
417 894 573 951 certamine
590 889 724 950 vidiori'as
740 890 862 949 domum
874 910 943 949 cum
959 912 1025 951 ma·

335 975 412 1032 >rima
431 972 516 1032 laude
537 972 709 1033 retulerunt.
736 970 839 1050 Quum
860 991 1022 1051 puerorum

334 1056 420 1134 igitur
447 1051 556 1112 formas
576 1097 586 1126 ,
618 1053 650 1111 &
681 1073 805 1132 corpora
833 1072 945 1133 magno
976 1054 1023 1114 hic

336 1152 428 1213 opere
446 1136 620 1194 miraretur:
640 1132 779 1205 Horum,
800 1134 932 1213 inquiunt
951 1133 993 1194 illi
1011 1180 1022 1208 ‚

335 1213 450 1274 sorores
471 1213 535 1273 sunt
554 1212 632 1293 apud
654 1234 710 1272 nos
730 1215 857 1294 virgines
878 1234 886 1273 :
905 1234 1022 1295 quare,

336 1296 393 1375 qud
410 1298 466 1353 sint
483 1293 538 1353 illae
556 1295 716 1375 dignitate,
737 1311 823 1373 potes
843 1312 881 1353 ex
898 1294 944 1355 his
963 1294 1020 1355 sus·

335 1377 435 1456 picari.
457 1373 587 1434 Praebete
610 1376 696 1455 igitur
719 1374 812 1446 mihi,
833 1373 956 1453 quaeso,
976 1377 1020 1436 in·

376 1459 422 1529 it,
447 1475 483 1515 ex
505 1453 562 1514 istis
586 1454 745 1536 virginibus
768 1454 1021 1533 formosissimas,

336 1477 407 1596 xm
421 1538 511 1617 pingo
524 1535 573 1608 id,
586 1535 666 1614 quod
680 1535 825 1616 pollicitus
838 1533 901 1595 sum
916 1537 1022 1614 vobis,

335 1637 367 1676 ut
382 1634 495 1676 mutum
507 1620 537 1675 in
550 1616 731 1676 simulacrum
744 1636 780 1676 ex
795 1616 912 1678 animali
925 1637 1022 1681 exem·

335 1699 387 1780 plo
403 1700 511 1758 veritas
524 1696 721 1757 transferatur.
888 1761 892 1770 Ι

381 1797 407 1857 3.
427 1776 513 1837 Tunc
533 1775 714 1837 Crotoniatae
732 1776 849 1858 publico
867 1776 905 1839 de
922 1782 1023 1839 consi·

334 1858 377 1920 lio
393 1860 520 1940 virgines
533 1877 623 1918 unum
639 1859 668 1915 in
685 1857 782 1916 locum
799 1858 1023 1935 conduxerunt,

337 1940 371 2000 ἃ
388 1938 513 2021 putori,
530 1959 599 2019 quas
615 1936 728 2010 vellet,
747 1938 874 2020 eligendi
891 1940 1024 2020 potesta·

335 2037 399 2081 tem
419 2020 572 2079 dederunt.
597 2014 652 2077 Ille
671 2033 766 2077 autem
790 2021 916 2100 quinque
940 2022 1023 2083 dele-

337 2103 401 2183 git;
420 2120 538 2181 quarum
555 2100 674 2158 nomina
690 2098 770 2158 multi
786 2103 884 2178 poetae
902 2122 1022 2163 memo-

336 2186 385 2241 riae
404 2180 604 2253 tradiderunt,
624 2180 704 2259 quod
723 2177 784 2258 ejus
803 2178 892 2241 ellent
910 2178 1019 2261 judicio

358 2263 498 2334 robetae,
525 2264 575 2341 qui
599 2263 781 2323 verissimum
805 2261 1021 2341 pulchritudinis

335 2285 443 2405 labere
454 2340 592 2423 judicium
604 2340 754 2403 dehuiffet.
765 2339 868 2423 Neque
880 2346 959 2417 enirn
991 2366 1024 2404 n-

336 2428 433 2498 tavit‚
453 2425 573 2495 omnia,
591 2444 656 2503 quae
675 2439 815 2502 quaereret
829 2422 866 2482 ad
883 2368 989 2486 venull

335 2522 422 2575 tem,
445 2525 506 2563 uno
523 2505 552 2563 in
572 2522 698 2583 corpore
714 2502 743 2564 se
764 2506 891 2583 reperire
909 2505 993 2587 posse
1013 2531 1023 2581 ;

335 2585 405 2645 ideo
424 2584 504 2664 quod
523 2583 594 2643 nihil
609 2582 731 2661 simplici
746 2585 779 2644 in
795 2603 904 2664 genere
922 2592 1037 2648 omniae

333 2665 389 2725 bus
407 2684 444 2725 ex
461 2665 589 2745 partibus
607 2661 767 2743 persedum
787 2682 888 2727 natura
903 2669 1025 2749 expoli-

334 2746 389 2805 vit.
407 2743 532 2828 ltaque,
555 2761 703 2823 tamquam
721 2746 824 2806 ceteris
837 2766 899 2808 non
913 2749 950 2809 sit
968 2749 1024 2810 ha·

335 2825 431 2885 bitura
446 2826 527 2909 quod
542 2826 699 2907 largiatur,
717 2826 740 2883 si
758 2829 807 2886 uni
826 2826 928 2888 cunda
946 2852 1025 2891 con-

333 2904 448 2995 fellerit
466 2905 580 2981 ‚aliud
603 2904 648 2963 alii
670 2907 820 2974 commodi
844 2909 944 2993 aliquo
969 2912 1027 2976 ad·

332 2986 435 3068 pundo
452 2985 645 3051 incommodo
662 3006 840 3052 muneratur.
949 2988 951 2992 ’
