2400 4067
142 537 147 579 γ
234 506 532 571 ΚΗΕΤοκισΑ
559 498 743 564 ΜΜΙ.
797 522 865 593 311

151 632 155 689 ἰ,
180 618 272 699 quim
287 616 314 675 le
336 617 381 673 isi
405 615 482 686 sius,
498 611 591 671 verba
611 610 799 694 cognoscere.
817 615 871 674 His

142 734 156 775 t
186 703 221 760 &
240 636 403 775 hujusrirorii
424 693 582 753 rationibus
602 690 785 765 ostenditur,
805 715 879 753 cau-¹

143 786 156 855 ᾗ
185 780 247 840 sam
268 795 347 838 extra
362 774 497 855 scriptum
515 775 607 854 accipi
623 795 684 833 nort
702 792 852 855 oportere.

143 901 155 937 Ι
231 855 359 918 XLVI.
381 855 516 916 Secunda
535 875 601 934 pars
623 853 684 927 est,
705 857 736 913 in
756 876 814 937 qua
833 850 875 915 est

143 972 155 1019 ιι
187 937 424 1011 ostendendum,
443 939 512 995 siin
530 937 635 995 cereris
651 935 764 1017 legibus
783 958 876 1016 opor-

143 1064 154 1101 .
188 1038 271 1093 teat,
285 1022 315 1079 in
331 1020 385 1079 hac
404 1039 465 1077 non
482 1033 632 1097 oportere.
646 1016 715 1075 Hoc
734 1016 877 1077 demons-

143 1124 154 1183 ρ
188 1103 331 1174 trabitur,
349 1102 372 1159 si
389 1098 437 1158 lex
455 1115 503 1158 aut
521 1097 558 1156 ad
575 1117 621 1158 res
638 1099 798 1172 maximas,
821 1100 879 1156 uri·

143 1226 154 1264 ς
189 1184 331 1255 lissimas,
342 1177 554 1239 honestissimas
566 1222 576 1251 ‚
590 1179 818 1260 religiosissimas
831 1181 879 1240 vi-

143 1310 154 1347 ,
192 1264 309 1324 debitur
327 1263 473 1342 pertinere
496 1282 506 1333 ;
530 1276 579 1318 aut
604 1260 725 1334 inutile,
745 1277 794 1319 aut
817 1275 879 1319 tur·

148 1392 154 1427 ἲ
192 1366 255 1428 pe,
273 1360 320 1402 aut
336 1342 418 1401 nefas
436 1342 493 1401 eise
509 1341 560 1399 tali
576 1342 607 1398 in
624 1360 655 1401 re
674 1362 734 1401 non
751 1340 879 1423 diligen-

145 1440 153 1451 ·
194 1423 305 1485 tissime
322 1422 380 1503 legi
396 1421 602 1500 obtemperare
617 1441 625 1478 r
642 1438 692 1480 aut
708 1423 749 1480 ita
766 1421 814 1481 lex
832 1422 881 1480 di·

143 1554 154 1583 ,
192 1508 319 1589 ligenter
329 1499 486 1584 perscripta
494 1497 802 1575 demonstrabitur,ita
812 1524 881 1562 cau·

143 1582 153 1675 3
193 1605 258 1648 tum
277 1602 447 1665 unaquaque
464 1581 502 1641 de
520 1601 569 1655 re,
582 1583 622 1640 ita
640 1581 719 1663 quod
736 1600 882 1662 oportue-

143 1718 153 1758 ,
193 1672 253 1741 rit,
268 1681 443 1745 exceptum,
457 1678 489 1721 ut
499 1663 618 1722 minime
629 1678 785 1722 convenrat
797 1663 882 1744 quid-

143 1802 153 1839 ,
192 1768 285 1830 quam
298 1748 328 1805 in
342 1764 402 1805 tam
414 1743 545 1826 diligenti
557 1741 695 1826 scriptura
705 1746 883 1824 ptaeteritum

143 1860 152 1895 :
196 1829 337 1890 arbitrari.

144 1908 145 1913 '
244 1908 310 1988 136.
323 1905 444 1968 Tertius·
453 1904 535 1965 locus
549 1903 589 1967 est
604 1904 651 1978 ei,
666 1905 715 1987 qui
728 1926 782 1987 pro
794 1903 885 1989 scrip·

143 2048 148 2059 ,
196 2008 232 2050 ro
254 1991 352 2064 dicet,
368 1988 493 2048 maxime
512 1986 681 2048 necessarius
695 2031 711 2081 ‚.
722 2006 775 2068 per
795 2009 884 2069 quem

144 2128 150 2141 ‚
197 2069 333 2133 ostendat
359 2086 509 2151 oportet,
535 2069 558 2125 si
585 2085 744 2128 conveniat
771 2068 886 2130 causam

160 2192 167 2209 .
198 2171 301 2213 contra
318 2149 453 2230 scriptum
470 2149 581 2227 accipi,
601 2167 667 2207 eam
686 2165 784 2208 tamen
803 2153 888 2210 mini·

201 2235 250 2294 me
261 2248 399 2312 oportere
412 2274 420 2302 ‚
437 2249 501 2307 quae
516 2227 552 2286 ab
565 2225 730 2287 adversariis
742 2227 887 2294 afferatur.

144 2334 147 2341 ·
202 2315 267 2394 Qui
292 2313 373 2371 locus
397 2309 506 2368 idcirco
534 2304 575 2365 est
603 2307 668 2365 huic
694 2309 887 2386 necessarius,

144 2398 151 2465 ζ
199 2392 285 2476 quod
295 2391 408 2470 semper
424 2391 466 2461 is,
482 2387 641 2468 quicottrra
656 2385 791 2468 scriptum
801 2389 889 2464 dicit,

144 2480 148 2489 '
205 2473 346 2553 aequitatis
358 2469 464 2551 aliquid
473 2465 572 2528 afferat
584 2485 720 2548 oportet:
733 2489 800 2528 nam
809 2469 890 2531 sum·

205 2576 255 2614 ma
266 2551 445 2634 impudentia
457 2548 516 2621 est,
531 2569 618 2623 eum,
632 2551 681 2631 qui
693 2568 795 2610 contra
807 2553 889 2636 quod

204 2635 342 2715 scriptum
362 2635 420 2703 sit,
440 2630 546 2713 aiiquid
564 2631 689 2711 probare
705 2632 777 2692 velit
796 2676 805 2705 ‚
827 2656 890 2695 non

205 2718 345 2797 aequitatis
355 2713 488 2796 praesidio
503 2712 532 2771 id
548 2711 646 2772 facere
656 2715 764 2772 conari.
775 2712 806 2773 Si
819 2716 889 2797 quid

205 2799 294 2877 igitur
310 2816 346 2856 ex
362 2797 416 2853 hac
431 2794 490 2874 ipsa
507 2794 653 2853 accusator
667 2794 809 2877 deroget,
826 2819 892 2857 om·

208 2877 293 2936 nibus
311 2875 437 2955 partibus
454 2872 572 2951 justior,
591 2876 623 2934 &
644 2876 820 2954 probabiliirs
841 2900 894 2937 ac·

145 3020 150 3039 ¹
207 2955 305 3017 cusarc
321 2955 464 3014 videatur.
483 2953 561 3012 Nam
578 2953 707 3034 superior
724 2961 816 3016 oratio
834 2959 891 3018 hoc

145 3046 150 3119 J
210 3040 307 3100 omnis
330 3035 474 3107 faciebat,
497 3035 539 3092 uti
560 3032 670 3111 judices
691 3040 802 3096 etiarnsi
822 3041 892 3100 nol-
