2400 4067
475 677 600 740 'AD
652 666 1184 738 HERENNIUM
1234 663 1310 732 L.
1366 662 1479 734 II.
1581 672 1684 734 21*

298 800 1700 858 Ε

617 963 1120 1041 LIBER
1225 962 1382 1035 ΙΙ.

307 1181 357 1234 1.
389 1114 519 1233 ἶκ
544 1178 700 1247 primo
729 1179 854 1233 libro
878 1212 894 1239 ‚
927 1175 1149 1230 Herenni
1172 1210 1188 1237 ‚
1220 1177 1440 1229 breviter
1468 1174 1692 1244 exposui-

309 1271 419 1306 mus
444 1287 459 1312 ,
503 1271 620 1321 quas
655 1253 815 1304 causas
857 1253 1076 1319 recipere
1107 1264 1355 1302 oratorem
1389 1263 1644 1318 oporteret
1669 1282 1686 1310 ,

311 1328 371 1379 ὃ(
404 1327 454 1376 in
492 1328 663 1393 quibus
701 1325 870 1378 officiis
907 1327 1021 1377 artis
1062 1327 1316 1376 elaborare
1358 1325 1646 1376 conveniret
1667 1355 1689 1383 ‚

313 1401 370 1450 &
395 1417 453 1450 ea
474 1398 632 1450 officia
653 1401 748 1467 qua
778 1402 968 1451 ratione
1000 1397 1230 1450 facillime
1262 1398 1494 1465 consequi
1513 1397 1692 1464 poffet.

312 1470 505 1523 Verum
543 1474 652 1538 quia
684 1490 841 1540 neque
880 1473 941 1522 de
979 1474 1199 1522 omnibus
1237 1474 1383 1522 rebus
1420 1473 1560 1521 simul
1594 1469 1693 1520 dici

314 1556 550 1612 poterat,
589 1546 643 1594 &
672 1546 731 1593 de
758 1544 975 1594 maximis
1005 1543 1208 1609 primum
1237 1544 1536 1593 scribendum
1562 1542 1655 1592 fuit
1672 1574 1691 1600 ‚

315 1614 421 1684 quo
452 1628 618 1665 cetera
652 1616 742 1665 tibi
774 1616 993 1666 faciliora
1028 1615 1230 1682 cognitu
1263 1615 1586 1673 viderentur-3
1626 1615 1696 1664 ita

315 1687 464 1741 nobis
488 1688 713 1754 placitum
738 1688 804 1739 est
823 1721 840 1747 ‚
873 1700 928 1738 ut
950 1705 1006 1737 ea
1025 1721 1041 1748 ,
1078 1704 1185 1756 quae
1210 1685 1484 1738 difficillima
1506 1687 1658 1739 effent
1677 1719 1695 1747 .

315 1762 623 1830 potissimum
654 1763 983 1812 scriberemus.

394 1851 447 1886 2.⁴
491 1833 750 1885 Causarum
790 1835 881 1886 tria
929 1835 1036 1885 sunt
1084 1850 1266 1903 genera
1298 1866 1314 1893 ‚
1363 1832 1697 1884 demonstrati-

316 1925 432 1960 vum
456 1940 472 1967 ‚
512 1907 875 1959 deliberativum
897 1941 913 1968 ,
955 1907 1227 1975 judiciale3
1265 1905 1420 1958 multo
1467 1905 1695 1958 difficilli-

314 1999 446 2035 mum
479 1980 546 2031 est
577 1980 806 2046 judiciale
842 1998 858 2033 z
890 1997 1009 2050 ergo
1049 1981 1099 2031 id
1132 1978 1336 2048 primum
1374 1981 1696 2032 absolvemus.

316 2056 434 2108 Hoc
473 2055 525 2106 &
562 2055 724 2120 priore
759 2056 884 2106 libro
919 2055 1101 2124 egimus
1129 2089 1146 2115 ,
1193 2072 1338 2122 quum
1382 2055 1444 2106 de
1477 2055 1694 2122 quinque

317 2129 529 2180 oratoris
560 2126 729 2179 officiis
763 2129 1071 2181 trafiaremus
1096 2162 1114 2188 ‚
1145 2145 1350 2196 quorum
1380 2128 1599 2178 inventio
1640 2128 1694 2180 δε

317 2204 472 2270 prima
505 2202 557 2253 δι
586 2200 860 2253 difficillima
890 2202 955 2253 est
982 2219 998 2253 ι
1029 2218 1185 2269 eaque
1218 2202 1356 2252 nobis
1390 2202 1485 2251 erit
1517 2202 1614 2251 hoc
1643 2202 1694 2252 in

315 2277 446 2326 libro
490 2275 840 2341 propemodum
875 2276 1091 2327 absoluta
1118 2309 1133 2335 .
1186 2276 1239 2327 δι
1273 2291 1470 2341 parvam
1505 2287 1693 2342 partem

316 2347 431 2413 ejus
473 2347 522 2396 in
561 2349 755 2399 tertium
796 2350 1026 2400 volumen
1070 2349 1431 2399 transferemus.
1481 2348 1564 2398 De
1609 2348 1695 2399 sex

319 2419 538 2488 partibus
574 2421 807 2470 orationis
838 2420 1040 2486 primum
1071 2422 1279 2471 scribere
1315 2421 1599 2485 incepimus.
1636 2422 1695 2471 ln

321 2493 482 2560 primo
503 2491 626 2541 libro
654 2492 812 2542 locuti
831 2493 986 2543 sumus
1018 2493 1077 2543 de
1099 2494 1343 2552 exordio,
1378 2495 1654 2543 narratione
1674 2525 1692 2552 .

321 2565 566 2616 divisione
589 2596 605 2622 ,
629 2581 720 2614 nec
741 2565 956 2630 pluribus
977 2564 1138 2614 verbis
1153 2597 1169 2623 ,
1196 2568 1338 2632 quim
1360 2563 1549 2615 neceffe
1569 2566 1695 2625 fuit,

317 2655 417 2691 nec
440 2635 592 2688 mimis
622 2637 832 2689 dilucide
854 2671 871 2697 ,
903 2640 1036 2706 qaam
1056 2649 1108 2689 te
1139 2638 1272 2688 velle
1300 2636 1699 2691 existimabamus.

320 2712 520 2763 Deinde
562 2710 850 2778 conjunstim
885 2712 946 2762 de
982 2709 1346 2762 confirmatione
1385 2710 1439 2761 &
1468 2711 1701 2763 confuta·

315 2787 462 2838 tione
485 2785 737 2835 dicendum
768 2785 875 2834 fuit.
912 2783 1079 2848 Quare
1101 2800 1281 2853 genera
1304 2783 1699 2853 constitutionum

326 2858 382 2910 &
415 2874 578 2909 earum
605 2870 767 2924 partes
800 2858 1070 2923 aperuimus
1095 2872 1115 2909 ε,
1147 2870 1211 2907 er.
1247 2874 1343 2926 qun
1371 2858 1464 2909 sim
1559 2870 1563 2871 ’

327 2932 533 2982 debatur
553 2963 572 2989 ‚
602 2929 848 2997 quomodo
878 2929 1267 2982 constitutionem
1295 2930 1347 2982 fit
1383 2950 1411 2998 p

326 3003 614 3063 stitutionis,
638 3003 780 3056 causi
803 3002 994 3069 positi,
1018 3005 1223 3071 reperiri
1251 3018 1347 3070 opu
1380 3014 1382 3017 “
1420 3061 1429 3067 ,

325 3077 395 3126 de
420 3075 670 3126 docuimus
691 3109 708 3136 ,
741 3075 1092 3143 judicationem
1119 3078 1324 3145 quemad

323 3147 671 3199 conveniret·
709 3148 803 3215 qua
835 3148 1069 3209 inventa,
1106 3150 1383 3202 rui-andum
