2400 4067
243 483 321 583 5st
435 484 742 565 Onerum

239 662 241 671 ,
289 622 358 665 220.
375 604 489 666 Formae
503 605 577 666 vero
593 604 727 685 quaedam
741 601 809 664 sont
824 601 934 664 oratio&

245 685 311 760 nis,
332 687 362 745 in
375 687 476 773 qttibus
490 706 525 746 ea
541 687 716 745 concinnitas
728 683 820 758 inest,
840 701 873 744 ut
889 684 932 745 se·

244 782 349 846 quatur
372 786 507 828 numerus
531 764 697 826 necessario.
736 764 817 827 Nam
845 785 931 847 quum

245 863 299 906 aut
324 868 379 928 ¹par
403 849 469 929 pari
494 845 645 920 refertum
677 863 727 906 aut
756 848 932 907 contrarium

242 931 392 991 contrario
414 929 593 1008 opponitur,
616 944 687 1000 aut,
712 946 778 1008 quae
805 927 930 991 similiter

245 1006 476 1081 caduntverba,
492 1009 589 1071 verbis
602 1028 669 1073 eom
692 1024 833 1080 arantur;
872 1006 934 1066 uid·

242 1087 318 1166 quid
342 1091 380 1155 ita
405 1087 613 1166 concluditur,
648 1029 824 1169 plierumque
849 1029 882 1148 gt
903 1102 932 1147 ut

243 1169 404 1233 ¹numerose
425 1168 537 1230 cadat:
575 1188 635 1248 quo
667 1168 706 1227 de
753 1187 845 1229 enere
870 1188 932 1227 cunr

243 1248 388 1330 ¹exemplis
406 1247 490 1330 suprai
507 1247 656 1322 diximus,
681 1265 714 1308 ur
778 1267 932 1329 equoque

246 1331 335 1409 copia
346 1330 511 1391 facultatem
530 1326 650 1402 afferat,
670 1349 733 1388 non
748 1327 868 1409 semper
881 1349 933 1389 eo·

242 1407 318 1469 dem
334 1410 427 1471 modo
442 1409 602 1470 desinendi.
627 1407 693 1469 Nec
705 1425 811 1470 tamen
823 1409 884 1469 haec
896 1412 933 1469 ira

246 1487 312 1550 sunt
326 1490 400 1551 arlia
419 1492 451 1550 &
465 1487 614 1563 adstriila,
631 1506 663 1548 ut
676 1509 730 1562 ea,
750 1511 843 1570 quum
862 1490 932 1550 veli-

168 1603 170 1605 >
247 1590 330 1645 mus,
344 1572 438 1631 laxare
448 1589 638 1651 nequeamus.
660 1569 791 1629 Multinn
803 1568 930 1643 interest,

241 1653 343 1719 ,utrum
355 1649 507 1713 numerosa
520 1653 574 1725 sit,
595 1647 697 1724 idest,
714 1651 815 1717 similis
829 1666 931 1711 nume·

238 1735 364 1805 rorum,
379 1754 415 1792 an
451 1731 516 1798 lane
530 1732 684 1792 enumeris
696 1728 811 1791 constet
825 1735 931 1792 oratio:

244 1810 367 1873 altemm
382 1814 405 1872 si
421 1753 472 1886 hPt,
485 1811 665 1873 intolerabile
676 1813 782 1871 vitium
792 1809 853 1886 est3
868 1813 932 1872 alte·

244 1913 310 1951 rum
330 1895 383 1951 nisi
411 1890 465 1965 fit,
500 1892 656 1973 dissipata,
684 1892 720 1953 ὃ(
741 1892 876 1966 inculta,
904 1893 929 1954 &

244 1971 338 2032 fluens
354 1969 395 2031 est
408 1972 512 2031 o'ratio.

282 2050 399 2112 LXVI.
428 2051 488 2112 Sed
508 2054 646 2133 quoniam
667 2072 728 2110 non
754 2052 853 2112 modo
877 2073 928 2112 non

241 2131 431 2214 ¹frequenter,
448 2135 650 2195 verumetiam
662 2133 727 2191 raro
738 2135 770 2192 in
778 2137 861 2194 ueris
875 2155 930 2194 cau·

245 2214 302 2286 sis,
320 2230 367 2273 aut
385 2212 545 2273 forensibus
556 2211 785 2293 circumscripte,
800 2236 929 2276 numero·

244 2292 331 2375 seque
347 2294 501 2357 dicendum
517 2291 575 2366 est3
595 2292 673 2376 sequi
686 2293 827 2369 viderur,
848 2314 880 2355 ut
894 2297 930 2354 vi·

245 2374 387 2448 demus,
404 2375 620 2456 quantitatula,
640 2395 704 2454 quae
722 2373 811 2454 supria
827 2377 884 2436 dixi
893 2380 932 2435 in·

244 2453 300 2517 cisa
310 2500 322 2529 ,
332 2477 397 2536 quae
407 2455 555 2521 membra:
576 2454 638 2513 haec
648 2457 728 2514 enim
743 2457 772 2513 in
783 2460 865 2516 veris
877 2477 934 2517 cau·

239 2537 284 2595 isis
311 2539 467 2595 maximam
489 2551 600 2616 partem
624 2537 763 2594 orationis
793 2539 933 2598 obtinent.

247 2613 369 2676 Constat
386 2619 464 2677 enim
483 2617 531 2676 ille
550 2615 673 2675 ambitus
694 2616 835 2696 &plena
855 2640 933 2680 com·

245 2697 400 2779 prehensio
423 2717 442 2759 e
463 2713 585 2777 quatuor
606 2694 666 2757 fere
689 2697 847 2776 partibus,
876 2721 933 2782 que

244 2777 377 2839 membra
388 2777 525 2849 dicimus,
545 2793 576 2834 ut
587 2777 620 2837 ὃ(
635 2797 715 2837 aures
735 2779 864 2860 impleat
874 2826 890 2856 ,
906 2783 935 2842 δι

243 2879 282 2918 ne
298 2858 416 2918 brevior
426 2860 480 2930 sit,
499 2856 586 2938 quim
599 2855 662 2916 satis
677 2860 730 2930 sit,
752 2880 858 2942 neque
877 2863 936 2923 lon·

238 2941 329 3022 gior:
352 2958 524 3019 quamquam
537 2955 690 3018 utrumque
707 2960 936 3024 nonnumquam

170 3046 174 3061 ·
242 3021 293 3084 rel
304 3023 400 3104 potius
415 3018 488 3104 saepe
503 3019 668 3099 occidimur
684 3037 736 3085 aut
751 3022 843 3093 ntiiu
860 3027 942 3101 imis·
