2400 4067
251 927 313 978 aa>
339 905 603 977 Herennium
631 909 671 980 L.
698 907 777 979 III.
828 907 878 1001 69

194 1026 268 1078 simul
279 1028 326 1077 erit
338 1027 362 1076 in
373 1026 498 1092 praesentia
509 1026 595 1076 ditium
606 1057 614 1085 ,
632 1025 663 1075 de
673 1024 818 1077 firmitudine
826 1044 880 1094 quae

195 1101 247 1149 visa
263 1100 334 1159 sunt,
351 1101 381 1149 de
395 1099 530 1157 suavitate,
548 1117 602 1165 quae
620 1097 747 1164 conjundta
763 1099 880 1152 fueruntt

197 1186 281 1223 cetera
291 1173 332 1223 suo
342 1174 398 1222 loeo
409 1169 480 1238 pauld
493 1171 545 1238 post
555 1173 673 1222 dicemus.

236 1246 308 1297 xm.
324 1245 457 1296 Mollitudo
477 1245 550 1311 igitur
565 1245 653 1303 vocis,
674 1245 787 1311 qnoniam
806 1246 884 1296 omnis

197 1319 228 1368 ad
240 1319 344 1370 rhetoris
356 1318 546 1385 preceptionem
556 1319 678 1384 pertinet,
693 1316 829 1386 diligenticis
840 1335 884 1368 no·

198 1393 234 1442 bis
245 1392 418 1443 consideranda
429 1391 471 1441 est.
488 1391 546 1442 Eam
557 1390 682 1441 dividimus
692 1392 722 1440 in⁴
730 1391 863 1441 sermonem
875 1423 884 1451 ,

199 1466 401 1522 contentionem,
417 1463 637 1530 amplificationem.
655 1465 740 1514 Sermo
754 1464 788 1514 est
804 1466 885 1515 oratio

199 1538 311 1597 remissa,
330 1541 356 1589 δι
365 1536 465 1588 finitima
477 1537 622 1604 quotidianae
631 1538 759 1587 iocutioni.
773 1538 885 1588 Conten-

200 1612 237 1661 tio
249 1612 282 1662 est
292 1612 371 1663 oratio
382 1611 454 1668 acris,
468 1612 533 1662 &ad
544 1610 740 1670 confirmandum,
752 1611 778 1662 δι
787 1612 817 1661 ad
826 1627 885 1662 con·

202 1685 328 1735 furandum
343 1686 533 1734 accommodata.
553 1683 714 1750 Ampiiftcatio
731 1684 765 1735 est
784 1686 885 1744 oratio,

203 1775 256 1823 que
273 1757 356 1806 autad
371 1757 514 1806 iracundiam
529 1757 639 1815 inducit,
655 1758 737 1819 autad
750 1758 888 1808 misericor·

205 1831 270 1879 diam
284 1829 358 1878 trahit
372 1828 487 1877 auditoris
504 1829 615 1877 animum.
629 1829 714 1878 Sermo
733 1829 847 1881 dividitur
862 1831 888 1881 in

205 1914 289 1968 partes
309 1913 433 1967 quatuor,
455 1899 615 1967 dignitatem,
637 1900 887 1963 demonstrationem,

204 1973 388 2033 narrationem,
402 1972 558 2039 jurationem.
576 1972 688 2041 Dignitas
699 1973 732 2023 est
744 1975 822 2025 oratio
835 1993 890 2028 cum

202 2048 285 2113 aliqua
296 2047 433 2113 gravitate,
454 2046 479 2097 ὅ(
490 2046 559 2096 vocis
571 2046 721 2097 remissione.
735 2049 891 2099 Demonstra-

204 2119 306 2177 tioess,
326 2137 379 2186 quar
389 2121 463 2170 docet
476 2119 577 2169 remissi
591 2136 675 2180 voce,
694 2123 816 2186 quomedo
834 2123 891 2190 quid

205 2193 258 2244 fieri
271 2194 399 2258 potuerit,
418 2204 460 2242 aut
474 2208 524 2241 non
534 2194 652 2258 potuerit.
673 2195 786 2246 Narratio
801 2196 834 2246 est
851 2213 892 2248 te·

206 2285 258 2318 rum
273 2265 388 2333 gestatum
400 2300 408 2324 ,
422 2278 467 2316 ‘aut
482 2265 582 2332 perinde
599 2280 627 2317 ut
638 2266 771 2335 gestarum,
791 2271 892 2336 expori-

206 2341 254 2392 tio.
270 2339 367 2391 Jocatio
379 2339 412 2389 est
422 2340 500 2391 oratio
512 2374 519 2399 ,
538 2357 591 2406 quae
601 2357 632 2391 ex
643 2342 721 2407 aliqua
731 2359 758 2392 te
768 2343 837 2394 risum
846 2362 891 2412 pu·

207 2415 323 2472 dentem,
345 2414 370 2464 δι
385 2414 507 2463 liberalem
519 2413 598 2479 potest
615 2430 763 2480 comparare.
780 2416 892 2469 Conten-

209 2487 245 2537 tio
257 2486 370 2536 dividitur
379 2487 403 2536 in
414 2487 637 2546 continuationem,
652 2487 682 2537 ⁴&
694 2487 892 2542 distributionem.

210 2559 368 2609 Continuatio
388 2557 422 2608 est
441 2560 556 2609 orationis
575 2559 728 2610 enuntiandae
741 2565 893 2615 acceleratio

211 2631 324 2681 clamosa.
342 2628 483 2681 Distributio
498 2633 566 2680 estin
581 2633 739 2683 contentione
754 2637 832 2686 oratio
845 2638 894 2686 fre-

212 2718 305 2768 quens,
320 2717 375 2748 cum
389 2703 447 2748 raris
459 2703 484 2750 δι
494 2703 608 2750 brevibus
622 2705 773 2762 intervallis,
786 2709 836 2755 acti
851 2723 895 2757 ve-

213 2773 368 2824 cifetatione.
391 2769 551 2835 Amplificatio
570 2771 684 2819 dividitur
703 2774 727 2820 in
747 2775 898 2824 cohortatio·

212 2864 287 2904 nem,
308 2845 332 2895 δε
347 2843 550 2909 conquestionem.
568 2841 714 2892 Cohortatio
725 2843 775 2901 est,
792 2863 844 2910 quae
856 2847 900 2895 ali-

213 2921 280 2987 quod
295 2930 422 2984 peccatum
434 2913 598 2982 amplificans,
615 2916 748 2966 auditorem
763 2917 792 2966 ad
805 2920 900 2970 iracun·
923 2979 926 2987 ,

213 2995 276 3043 diam
293 2991 399 3040 adducit.
416 2988 564 3055 Conquestio
578 2989 611 3038 est
627 2991 723 3047 oratio,
739 3008 791 3056 quae
807 2993 901 3043 incom-

214 3066 342 3116 modorum
356 3061 542 3130 amplificatione
558 3063 662 3112 animum
680 3065 795 3114 auditoris
812 3068 841 3115 ad
859 3070 901 3119 mi·

216 3138 368 3190 sericotdiam
390 3137 509 3203 perducit.
534 3135 655 3197 Quoniam
678 3137 750 3203 igitur
773 3142 900 3190 mollitudo

215 3212 286 3262 vocis
301 3210 325 3258 in
340 3223 389 3259 tres
403 3223 484 3276 partes
500 3209 572 3258 divisa
587 3208 639 3268 est,
659 3210 684 3259 dc
699 3212 735 3258 hae
750 3226 830 3274 partes
846 3215 903 3276 ipiae

216 3286 242 3333 in
252 3284 307 3331 odio
318 3295 399 3346 partes
413 3285 470 3334 aiias
481 3281 625 3339 distributae,
640 3283 722 3330 harum
735 3283 789 3331 odio
801 3286 904 3347 partium
915 3232 1014 3384 ¹

219 3371 273 3418 quae
287 3352 400 3474 cujdusque
410 3354 497 3407 idonea
508 3355 673 3421 pronuntiatio
683 3356 714 3406 sit
726 3387 734 3414 ,
746 3355 905 3405 demonstran·

219 3428 278 3478 dum
294 3425 319 3474 ui
336 3437 399 3474 etur·
