2400 4067
449 454 774 522 OnAronm.
873 454 951 548 367

259 612 261 617 .
307 566 423 629 amdam
444 567 593 652 angustam
620 569 653 631 δι
677 570 802 632 brevem
826 571 951 632 conclu-

288 666 363 710 etur.

304 730 357 809 76.
389 728 439 791 Est
472 733 558 814 igitur
586 732 632 793 vis
659 732 774 794 virtutis
804 729 913 813 duplex
938 753 948 794 ε

257 827 316 872 -aut
346 815 425 874 enim
450 810 568 874 scientia
596 815 722 874 cernitur
748 814 865 887 virtus,
900 829 950 873 aut

262 891 389 956 afflone.
419 892 515 968 Nam,
532 916 596 976 quae
613 893 789 976 prudentia,
809 914 874 975 quae
889 894 950 953 cal·

262 973 388 1048 liditas,
416 995 540 1056 quaeque
565 977 737 1057 gravissimo
762 976 884 1035 nomine
905 972 950 1034 sa·

262 1056 374 1137 pientia
399 1056 588 1136 appellatur,
622 1055 685 1115 haec
709 1054 827 1115 scientia
853 1055 949 1137 pollet

261 1135 331 1196 und.
355 1135 434 1216 Quae
442 1137 517 1197 vero
527 1135 714 1198 moderandis
724 1136 948 1216 cupiditatibus,

253 1215 453 1357 -tfigendisque
469 1219 557 1277 animi
570 1217 699 1279 motibus
716 1216 868 1292 laudatur,
882 1213 947 1297 ejus

262 1317 281 1358 e
318 1319 422 1358 munus
431 1301 461 1358 in
472 1297 587 1380 agendo
600 1320 608 1358 z
625 1300 670 1358 cui
681 1299 883 1379 temperantiae
894 1319 947 1358 no·

260 1399 332 1440 men
346 1376 397 1440 est.
430 1379 532 1461 Atque
552 1378 600 1438 illa
618 1378 772 1459 prudentia
787 1381 816 1438 in
830 1378 884 1438 suis
898 1399 947 1438 re-

261 1460 334 1534 bus,
349 1458 527 1534 domestica3
543 1462 574 1519 in
586 1459 729 1541 publicis,
745 1459 837 1522 civilis
848 1460 947 1541 appel·

260 1540 411 1603 larisolet.

302 1642 353 1699 77.
378 1621 589 1703 Temperantia
609 1637 706 1681 autem
725 1623 755 1680 in
767 1620 829 1680 suas
843 1619 946 1681 itidem

260 1722 329 1776 res,
349 1703 382 1764 &
399 1706 429 1763 in
441 1722 614 1763 communes
627 1699 774 1760 distributa
792 1699 852 1773 est,
872 1699 947 1760 duo·

259 1783 371 1865 busque
387 1784 483 1844 modio
498 1786 528 1843 in
542 1783 630 1844 rebus
645 1781 829 1856 discernitur3
845 1782 878 1841 &
892 1801 945 1857 ea,

249 1885 326 1945 -qute
346 1863 468 1940 absunt,
485 1886 547 1926 non
567 1863 757 1945 expetendo,
778 1864 811 1923 δι
833 1861 870 1922 ab
888 1864 946 1938 iis,

260 1965 325 2025 quae
341 1947 371 2006 in
389 1943 534 2028 potestate
548 1945 629 2019 sunt,
648 1942 830 2007 abstinendo.
854 1941 887 2004 ln
899 1965 947 2009 re·

260 2025 316 2087 bus
333 2044 432 2088 autem
441 2026 638 2087 incommodis
652 2024 693 2086 est
710 2026 812 2089 itidem
825 2025 945 2109 duplex.

261 2105 341 2167 Nam
357 2128 421 2188 quae
437 2107 622 2167 venientibus
641 2107 723 2166 malis
744 2106 857 2181 obstat,
880 2107 946 2169 for-

259 2183 381 2258 titud0;
397 2206 484 2268 quae,
502 2185 584 2280 quod
597 2183 658 2262 jam
667 2183 766 2260 adest,
785 2187 893 2248 tolerat
910 2189 945 2250 δι

284 2263 391 2337 effert,
404 2266 544 2347 patientta
557 2266 733 2325 nominatur.
754 2264 832 2345 Quae
846 2284 945 2330 autem

259 2287 324 2408 laec
338 2367 399 2407 uno
414 2364 524 2427 genere
538 2342 760 2424 compleamur,
771 2347 944 2427 magnitudo

260 2429 351 2490 animi
367 2427 492 2489 dicitur:
515 2422 596 2504 cujus
617 2422 657 2485 est
677 2423 832 2486 liberalitas
848 2427 877 2486 in
894 2426 945 2490 usu

254 2511 418 2593 -pecuniaet
443 2507 587 2590 simulque
605 2505 728 2567 altitudo
742 2506 829 2566 animi
847 2507 877 2566 in
894 2527 946 2567 ca·

259 2591 375 2674 piendis
385 2588 602 2664 incommodis,
624 2588 656 2650 &
670 2587 795 2649 maxime
814 2583 944 2667 injuriis:

262 2673 296 2732 &
312 2694 402 2735 omne
425 2672 508 2755 quod
526 2670 567 2734 est
587 2667 649 2750 ejus
670 2671 810 2753 generis,
831 2690 944 2752 grave,

260 2751 410 2828 sedatum,
428 2755 478 2818 vel
491 2775 552 2815 non
566 2751 777 2816 turbulentum.
807 2748 842 2812 In
856 2771 944 2811 com-

261 2835 402 2893 munione
417 2851 516 2894 antem
532 2855 597 2916 quae
610 2835 706 2916 posita
722 2852 788 2913 pars
807 2829 849 2893 est
860 2875 870 2904 ‚
882 2826 945 2909 jus-

250 2912 324 2980 titia
348 2911 451 2973 dicitur
469 2934 477 2972 ε
504 2933 597 2994 eaque
615 2934 684 2995 erga
702 2911 797 2983 deos,
817 2907 945 3052 religi&

262 3012 332 3079 erga
344 3008 499 3076 parentes,
510 2995 604 3075 pietas
616 3011 627 3067 ς
640 2991 731 3075 vulgo
743 3005 861 3153 affetu,
902 3010 1046 3127 ogs.

802 3089 833 3132 tv
945 3088 950 3101 ¹
