2400 4067
348 508 426 580 42
542 479 867 552 Topica*

347 599 465 742 ei’fffl
482 598 547 681 plus
566 593 682 679 potest,
700 591 770 652 utile
786 590 837 653 est.
871 589 1027 674 Proprietas

347 687 389 742 sic
470 680 658 740 hominemne
672 673 763 735 solum
778 673 884 748 cadat,
902 695 941 733 an
951 676 1027 734 etiam

347 767 378 823 in
394 762 508 822 belluas
530 757 680 842 aegritudo.
714 752 854 828 Divisio,
877 755 912 814 &
930 755 1027 816 eodem

344 842 433 926 paeto
451 843 585 923 partitio,
600 841 639 898 sic
656 858 663 895 :
686 833 795 895 Triane
809 854 922 916 genera
940 835 1027 897 bono·

347 944 411 983 rum
429 925 493 982 sint.
526 917 714 999 Descriptio,
737 915 843 994 Qualis
862 919 899 975 sit
917 938 1025 992 avarus,

346 1004 437 1086 qualia
455 1000 629 1072 assentator,
653 1013 807 1077 ceteraque
829 993 966 1075 ejusdem
985 1019 1026 1082 ge·

348 1087 448 1157 neris,
474 1082 627 1162 inquibus
655 1094 755 1138 natura
785 1077 819 1138 &
840 1080 904 1139 vita
932 1077 1028 1140 descri-

347 1165 433 1224 bitur.

387 1243 438 1318 84.
457 1242 560 1324 Quum
579 1256 676 1302 autern
688 1236 844 1322 quaeritur,
863 1238 953 1321 quale
970 1238 1029 1324 quid

345 1327 400 1384 ait:
420 1342 468 1385 aut
487 1321 652 1404 simpliciter
672 1321 824 1401 quaeritur,
846 1339 897 1380 aut
913 1342 1029 1403 compa·

345 1407 420 1465 rate.
449 1404 508 1465 Sim
532 1405 640 1475 liciter,
656 1399 870 1482 Expetendane
886 1403 924 1461 sit
935 1401 1029 1498 gloria.

346 1483 430 1547 Corn
452 1504 547 1558 arare,
558 1481 797 1562 Praeponendane
807 1484 844 1540 sit
853 1481 963 1543 divitiis
976 1483 1029 1566 glo·

348 1570 399 1626 ria.
429 1507 608 1647 §implicium
622 1565 674 1623 tria
683 1580 791 1645 genera
800 1560 884 1622 sunt:
902 1563 944 1641 de
954 1583 1027 1644 expe·

347 1647 460 1721 tendo,
473 1645 686 1729 fugiendoque:
703 1643 740 1703 de
749 1663 857 1724 aequo,
876 1643 1025 1727 &iniquot

348 1728 387 1787 de
400 1725 542 1800 honesto,
554 1727 627 1787 &tu
662 1727 682 1787 ’a
708 1721 980 1802 Comparationum
987 1745 1026 1784 au·

349 1816 411 1871 te'rn
431 1807 511 1880 duo,
528 1827 619 1865 unum
629 1746 673 1868 rrie
692 1803 822 1878 eodem,
842 1805 876 1866 δι
895 1805 975 1866 aiiot
991 1806 1026 1865 al·

348 1902 444 1949 terum
459 1888 496 1947 de
515 1884 647 1964 majore,
664 1885 695 1946 &
713 1886 837 1945 minore.
871 1881 927 1948 De
948 1906 1027 1968 expe-

347 1967 462 2039 tendo,
479 1968 511 2026 &
534 1965 696 2048 fugiendo,
713 1962 878 2043 hujusmodi
897 1986 905 2025 ε
937 1966 968 2028 Si
981 1988 1029 2028 er-

348 2047 485 2129 petendae
498 2047 626 2119 divitiae3
641 2045 670 2106 fu
692 2047 778 2106 ienda
790 2067 962 2126 paupertas.
982 2047 1024 2109 De

347 2150 434 2210 aequo
453 2129 486 2189 &
503 2129 601 2217 iniquo
615 2148 632 2220 ς.
687 2146 814 2207 quumne
835 2129 872 2186 sit
885 2129 995 2202 ulcisci,
1009 2149 1022 2188 a

250 2208 255 2217 ’
347 2229 533 2291 quocumque
550 2211 683 2288 inJunam
703 2209 862 2286 acceperis.
904 2207 958 2271 De
978 2211 1022 2270 ho·

347 2289 448 2365 nesto,
464 2292 496 2352 ἃ
508 2291 602 2372 turpi:
621 2285 823 2349 Honestumne
841 2290 901 2364 sit,
915 2312 970 2372 pro
979 2313 1027 2373 pa·-

347 2389 401 2432 tna
417 2393 503 2432 mort.
969 2440 972 2444 ¹
1047 2414 1050 2419 -

389 2452 437 2532 85,
452 2451 496 2515 Ea
510 2450 600 2511 altero
618 2464 713 2511 autern
727 2468 855 2531 genere,
875 2451 1023 2532 quoderat

346 2532 531 2612 bipartitum,
545 2551 635 2588 unum
649 2528 689 2590 est
700 2529 740 2589 de
758 2529 891 2605 eodem,
908 2534 942 2593 δι
956 2534 1021 2592 adio:

344 2627 395 2684 nt',
418 2616 442 2672 si
455 2628 614 2693 quaeratur,
639 2610 708 2691 quid
727 2613 839 2670 intersit
856 2613 938 2673 inter
955 2615 1022 2672 arni·

342 2713 430 2766 cum,
449 2694 482 2752 δι
495 2689 715 2751 affentatorem:
737 2711 856 2774 regern,
880 2695 915 2754 &
928 2712 1024 2775 tyran·

342 2792 423 2833 num.
450 2773 585 2832 Alterum
594 2770 631 2831 de
640 2769 772 2849 majore,
787 2772 820 2831 &
829 2774 948 2835 minore
960 2799 969 2833 :
982 2792 1023 2847 ut,

343 2858 366 2914 si
375 2870 537 2937 quaeratur,
548 2853 751 2933 eloquentiane
765 2851 854 2932 pluris
869 2857 924 2928 sit,
940 2853 1025 2935 anju·

343 2938 381 2994 ris
399 2935 488 2995 civilis
509 2932 635 2993 scientia.
666 2931 715 2994 De
737 2935 916 3015 cognitionis
938 2956 1023 3017 quaes·

344 3018 471 3081 tionibus
482 3014 630 3078 hedenus.

833 3091 885 3154 86.
901 3094 1029 3157 Ac'iionir
