2400 4067
327 468 400 542 188
455 470 530 540 Dr
557 470 890 542 Inranrronn

321 589 475 652 sideratur.
490 587 591 650 Simile
606 602 705 647 autem
724 605 761 647 ex
774 582 871 667 specie
887 606 1016 669 compa-

321 671 405 732 rabili
416 692 426 746 ;
439 667 637 752 comparabile
649 683 747 727 autern
759 687 795 727 ex
808 665 1012 745 conferenda,

323 768 414 835 atque
432 749 623 812 assimulanda
635 765 737 808 natura
748 744 907 828 judicatur.
925 747 1013 812 Con·

323 836 443 894 trarium
459 831 501 894 est
516 878 526 907 ,
543 830 625 914 quod
638 826 765 912 positum
787 829 817 888 in
836 849 950 912 genere
968 830 1015 893 di·

322 912 430 989 verso,
456 914 492 975 ab
521 913 652 986 eodem,
679 913 725 970 cui
748 913 928 972 contrarium
957 909 1014 975 elle

324 994 447 1068 dicitur,
458 994 615 1077 plurimum
630 989 734 1065 distat,
753 1007 784 1051 ut
795 989 831 1051 sri
900 992 994 1054 calori
1006 1036 1017 1069 ,

323 1077 393 1136 vitae
403 1097 493 1136 mors.
504 1073 692 1156 Disparatum
704 1089 828 1134 auteme
861 1073 894 1133 id
906 1119 917 1148 ‚
931 1075 1017 1172 guod

324 1156 364 1218 ab
381 1156 477 1240 aliqua
490 1176 523 1217 re
538 1176 592 1237 per
610 1155 831 1236 oppositionem
847 1158 1018 1238 negationis

324 1237 488 1320 separatur,
499 1238 558 1298 hoc
567 1237 661 1297 modo
675 1256 683 1294 ι
699 1233 823 1317 sapere,
841 1235 874 1296 &
891 1257 955 1297 non
969 1235 1018 1298 sa·

324 1339 409 1402 pere.
427 1315 530 1381 Genus
541 1316 603 1393 est,
620 1316 701 1399 quod
711 1333 814 1456 partes
830 1315 942 1399 aliquas
955 1339 1019 1379 anr-

325 1399 483 1483 pledlitur,
497 1416 529 1461 ut
541 1399 693 1481 cupiditas.
735 1419 779 1457 ars
794 1395 855 1473 est,
894 1420 939 1461 uae
950 1397 1019 1461 sub·

328 1479 371 1542 est
390 1484 512 1566 generi,
530 1498 563 1541 ut
583 1501 687 1554 amor,
710 1479 840 1540 avaritia.
888 1498 1015 1557 ventus,

328 1562 371 1623 est
390 1561 509 1643 alicuius
529 1564 623 1624 exitus
643 1561 778 1644 negotii,
796 1560 827 1618 in
842 1580 904 1656 quo
926 1565 1016 1645 quaeri

326 1642 425 1720 solet,
440 1643 510 1726 quid
528 1664 565 1703 ex
583 1662 697 1725 quaque
714 1661 746 1702 re
765 1658 924 1717 evenent,
942 1663 1017 1711 eve·

327 1727 412 1800 nist,
428 1741 659 1806 eventurumque
669 1724 715 1783 sit.
728 1721 830 1801 Quare
841 1722 900 1784 hoc
915 1725 945 1786 in
959 1747 1017 1810 ge-

327 1825 419 1880 nere,
430 1824 462 1866 ut
472 1805 678 1876 commodius,
694 1803 764 1885 quid
775 1821 950 1869 eventurum
960 1810 1015 1885 sit,

328 1886 398 1947 ante
411 1890 509 1947 animo
528 1887 627 1968 colligi
638 1888 750 1967 possit,
765 1885 834 1966 quid
850 1908 966 1972 quaque
978 1911 1015 1952 ex

327 1989 361 2030 re
372 1966 463 2029 soleat
473 1969 610 2042 evenire,
620 1965 863 2027 considerandum
878 1967 920 2030 est
930 2014 943 2044 ,
955 1971 1015 2034 hoc

329 2050 423 2111 rnodo
439 2072 446 2108 :
460 2070 496 2110 ex
507 2051 670 2134 arrogantia
682 2048 783 2111 odiunt
794 2093 803 2125 ,
816 2069 852 2112 ex
861 2049 1015 2116 insolentia

328 2133 503 2214 arrogantia.

371 2230 421 2292 43.
439 2212 555 2293 Quarta
567 2229 665 2272 autern
677 2233 742 2293 pars
758 2210 799 2272 est
816 2232 852 2273 ex
869 2213 925 2289 iis,
943 2236 1014 2299 quas

328 2295 456 2378 negotiis
477 2292 645 2356 dicebamus
668 2291 725 2354 elle
745 2293 918 2371 attributas,
938 2318 1016 2361 con·

329 2374 451 2437 secutio.
474 2373 508 2436 ln
535 2377 589 2437 hac
611 2396 653 2436 eae
677 2395 723 2436 res
742 2391 931 2457 quaeruntur,
948 2399 1013 2461 quae

329 2455 442 2542 gestum
455 2459 607 2540 negotium
620 2455 844 2538 consequuntur.
863 2455 1014 2535 Primum,

329 2538 413 2619 quod
430 2536 537 2598 facturn
556 2536 619 2611 est,
639 2559 699 2619 quo
717 2538 747 2598 id
765 2539 886 2599 nomine
909 2539 1015 2634 appel·

328 2616 383 2678 lari
399 2619 566 2680 conveniat.
579 2616 721 2693 Deinde,
739 2616 801 2699 ejus
813 2616 880 2679 fatti
891 2639 943 2701 qur
957 2621 1015 2683 sint

328 2698 476 2783 principes
495 2699 527 2759 &
539 2701 709 2761 inventores
721 2743 731 2774 ‚
742 2703 792 2782 qui
805 2699 932 2782 denique
943 2723 1016 2764 auc-

330 2781 455 2841 toritatis
474 2776 557 2861 ejus,
583 2780 813 2844 &inventionis
834 2784 1016 2865 comproba·

330 2876 411 2923 tores
423 2906 434 2936 ‚
446 2876 533 2951 atque
549 2860 653 2925 aemuli.
669 2859 789 2924 Deinde
806 2883 905 2944 ecquae
922 2883 960 2929 ea
978 2864 1015 2926 de

332 2962 386 3018 re,
403 2957 451 3004 aut
464 2962 526 3021 ejus
545 2944 588 3006 rei
598 2945 634 3003 sit
648 2942 719 3016 lex,
739 2942 945 3017 consuetudo,
965 2968 1016 3006 ac-

237 3056 242 3063 .
331 3025 374 3089 tio
388 3068 399 3102 ,
413 3022 576 3109 judicium,
591 3021 728 3101 scientia,
741 3023 905 3089 artificium.
921 3024 1018 3090 Dein·
