2400 4067
335 389 415 464 502
531 363 835 434 ORATOR

334 480 435 544 nostro
453 477 646 539 doarinarum
662 495 740 537 notae
752 476 765 542 i,
777 489 934 617 quumesre
944 473 1021 560 vulgi

335 563 440 643 {cripta
448 560 544 620 nostra
557 560 743 641 legerentur,
758 559 884 618 dissimu
896 577 978 618 arem
984 578 1021 620 me

337 641 487 704 didiciffe?
507 639 592 720 Quid
607 657 688 713 erat,
708 659 759 698 cur
776 638 965 720 probarem,
981 641 1022 701 nir⁸

337 724 416 813 qubd
450 743 530 781 arum
544 718 660 780 fortasse
676 717 891 800 profeceram?

379 745 487 863 XLiss.
507 800 602 942 (guod
618 821 707 882 quum
726 803 767 859 ita
783 802 842 873 sit;
861 818 966 861 tamen
981 820 1022 875 er,

337 905 404 969 quae
421 881 504 964 suprd
537 881 591 942 ida
608 878 690 955 sunt,
708 881 773 961 plus
792 882 825 941 in
837 880 887 942 dis
903 881 1021 954 mando,

338 964 427 1049 quim
444 984 496 1037 ea,
516 963 667 1044 dequibus
685 960 847 1022 dicendum
859 904 926 1037 ed,
941 962 1023 1044 digri·

339 1049 405 1106 tatis
418 1044 591 1104 habuerunt.
621 1041 671 1103 De
691 1042 789 1104 verbis
807 1045 892 1102 enim
910 1064 1023 1124 compo·

338 1124 460 1201 modis,
480 1125 513 1185 &
526 1124 563 1185 de
576 1122 691 1204 syllabis
708 1145 764 1204 pro
789 1122 939 1184 emodum
954 1123 1023 1185 dinu-

339 1206 505 1279 merandis,
523 1205 555 1267 &
569 1203 752 1264 dimetiendis
766 1145 951 1284 ioquemur:
970 1224 1023 1287 que
1059 1214 1063 1278 ξ

281 1294 283 1296 ’
340 1288 454 1349 etiamsi
473 1302 556 1360 sunt,
570 1287 650 1345 sicuti
662 1285 734 1344 mihi
750 1284 918 1361 videntur,
934 1305 1022 1347 neces·
1058 1282 1061 1293 '

338 1359 432 1441 saria,
453 1383 553 1427 tamen
570 1364 642 1426 fiunt
666 1363 923 1448 magnificentiiis‚
949 1367 1022 1448 quim

341 1448 495 1509 docentur.
521 1445 570 1507 Est
581 1446 612 1505 id
623 1447 745 1506 omnino
759 1465 890 1521 verum,
904 1446 956 1508 sed
965 1469 1023 1529 pro·

341 1530 404 1611 prid
414 1530 444 1588 in
459 1528 518 1588 hoc
534 1528 651 1588 dicitur:
672 1548 740 1586 nam
756 1530 898 1587 omnium
913 1549 1023 1611 magna·

343 1630 407 1668 rum
425 1610 549 1681 artium,
569 1611 640 1667 sicut
658 1608 817 1682 arborum,
836 1608 964 1669 altitudo
979 1629 1022 1668 nos

343 1684 489 1763 deledi'at3
506 1689 617 1748 radices
626 1685 781 1769 stirpesque
796 1710 862 1748 non
875 1691 967 1751 item:
983 1688 1022 1750 sed

341 1767 400 1829 effe
418 1768 465 1828 illa
483 1771 545 1829 sine
558 1769 602 1827 his
619 1790 681 1828 non
699 1767 809 1849 potest.
840 1769 900 1831 Me
919 1788 1022 1844 autem,

342 1851 406 1910 sive
416 1849 726 1931 pervagatissimusille
737 1847 859 1926 versus,
880 1854 1022 1934 quivetat,

417 1971 502 2021 Artem
515 1970 606 2033 pudere
619 1972 747 2038 proloqui,
762 1990 835 2041 quam
851 1975 963 2038 fiditer,

344 2089 520 2152 dissimulare
539 2108 599 2148 non
616 2093 681 2150 sinit
698 2094 766 2171 quin
787 2093 949 2170 deledier3
974 2098 1022 2156 sive

343 2191 427 2232 tuum
447 2169 569 2230 studium
585 2171 643 2230 hoc
656 2194 673 2230 a
687 2193 736 2233 me
749 2174 900 2238 volumen
918 2199 1022 2258 expres·

345 2254 401 2325 sit3
424 2270 522 2311 tamen
548 2253 607 2325 eis,
634 2273 708 2333 quos
734 2254 846 2336 aliquid
874 2260 1023 2340 reprehen-

342 2334 423 2396 suros
431 2330 607 2413 suspicabar,
623 2331 863 2413 respondendum
873 2339 941 2400 fuit.

391 2412 457 2486 148.
485 2411 579 2490 Qubd
605 2415 627 2470 si
646 2434 700 2484 ea,
725 2434 788 2495 quae
811 2417 897 2494 dixi,
920 2421 1022 2481 nonita

345 2491 457 2566 effent3
479 2495 541 2572 quis
561 2508 661 2552 tamen
677 2493 705 2554 se
726 2512 788 2555 tam
806 2497 920 2561 durum
940 2521 1024 2584 agres-

343 2591 464 2654 temque
480 2570 643 2653 praebetet‚
662 2577 712 2654 qui
726 2576 800 2636 hanc
818 2580 894 2641 mihi
911 2605 974 2644 non
987 2582 1025 2641 da·

344 2656 390 2715 ret
404 2655 539 2726 veniam,
555 2669 610 2726 ut,
627 2675 714 2735 quum
727 2677 800 2718 meae
814 2658 956 2724 forenses
965 2681 1024 2724 aner

345 2736 379 2798 &
390 2734 516 2795 afflones
534 2733 656 2815 publicae
672 2736 883 2814 concidissent,
909 2764 973 2805 non
990 2762 1025 2804 me

345 2835 394 2878 aut
405 2816 520 2877 desidiae
530 2859 540 2882 ,
552 2815 632 2896 quod
644 2813 740 2879 facere
757 2841 819 2880 non
834 2822 959 2904 possum
971 2848 979 2899 ;
991 2841 1025 2885 aut

345 2896 508 2982 moestitiae,
526 2897 571 2956 cui
587 2894 706 2975 resisto,
730 2903 829 2983 potiirs
849 2905 947 2987 quim
965 2909 1027 2973 litte&
