2400 4067
332 500 384 575 26
442 499 914 570 Rnnronrconvat

329 623 376 675 test
391 623 497 675 conflate
510 614 677 689 suspicionem.
691 620 720 677 ln
734 619 900 688 consequenti
906 633 1026 690 tempore

331 696 495 763 spoliabitur,
514 713 571 747 nurn
586 695 644 763 quid
658 710 686 746 re
702 694 818 746 ttansadd
833 695 950 747 telistu'tn
969 698 1026 761 sit,

318 766 397 838 ¹quod
414 770 507 822 indicet
525 782 567 820 aut
585 768 672 820 fastum
689 768 740 821 else
752 766 897 829 maleficium
913 803 923 829 ,
947 784 992 824 aut
1010 790 1024 823 a

247 842 250 847 '
329 861 380 911 quo
397 845 429 895 sit
447 843 543 896 sadum.
561 843 658 894 Fadum
676 841 745 903 elle,
762 843 810 894 hoc
826 842 903 893 niodo
918 854 929 894 t
944 844 1025 897 citu·
1056 906 1058 911 ¹

329 933 399 968 more
417 917 538 968 &livore
557 916 726 968 decoloratum
744 914 778 967 est
795 914 884 983 corpus
902 920 1022 981 mortui,

328 989 448 1059 significat
463 1008 517 1041 eum
527 1008 625 1041 veneno
636 1004 758 1041 necatum.
772 989 794 1041 A
805 1005 854 1057 quo
865 989 992 1041 sadum'
972 1005 1022 1053 stt,

326 1063 378 1114 hoc
395 1063 495 1116 modo:
511 1064 532 1114 si
548 1066 626 1115 telum
642 1097 650 1124 ,
671 1064 692 1116 ti
709 1063 899 1124 vestimentum,
922 1064 946 1114 si
967 1066 1022 1135 quid

326 1135 446 1202 ejusmodi
465 1136 574 1188 relictum
599 1139 653 1197 sit,
677 1152 719 1189 aut
741 1134 894 1222 vestigiurn
891 1152 1021 1206 repertun

327 1208 463 1270 suerit,
442 1227 463 1261 tr
483 1227 556 1262 cruor
575 1210 600 1260 in
619 1209 787 1269 vestimentis,
814 1209 835 1260 si
853 1209 880 1260 in
902 1226 940 1262 eo
965 1214 1020 1265 loco

326 1284 535 1352 comprehensus,
554 1296 596 1336 aut
610 1283 673 1335 visus
688 1284 806 1337 transatio
824 1285 952 1352 negotio,
974 1303 1020 1356 quo

215 1412 221 1429 ·
325 1354 352 1407 in
367 1357 426 1409 loco
442 1374 481 1410 ret
501 1356 566 1427 gesta
583 1357 681 1409 dicitur.
703 1357 851 1411 Consecutio
869 1356 929 1418 est,
949 1376 1019 1429 quun

325 1433 460 1498 quaritur,
482 1450 535 1500 quae
549 1433 616 1501 signa
632 1433 744 1484 nocentis
762 1433 788 1484 dt
802 1431 948 1485 innocentis
964 1442 1018 1487 con·

325 1503 394 1570 sequi
412 1504 515 1556 soleant.
539 1505 674 1557 Accusator
690 1506 778 1564 dicet,
799 1504 820 1555 ai
839 1505 964 1570 poterit,
981 1504 1018 1559 ad·

324 1578 475 1639 versarium,
491 1595 565 1648 quum
581 1579 612 1628 ad
625 1595 680 1628 eum
693 1591 794 1629 ventum
807 1577 860 1636 sit,
880 1579 1017 1642 erubutffe,

325 1652 482 1718 expalluisse,
497 1651 628 1712 titubasse,
645 1651 807 1702 inconstanter
821 1652 942 1713 locutum
959 1653 1016 1714 effe,

325 1724 476 1783 concidisse,
502 1725 638 1791 pollicitum
660 1723 707 1775 else
730 1723 841 1791 aliquid,
867 1741 928 1792 qua
957 1728 1016 1798 sign

325 1797 481 1848 conscientiae
500 1797 564 1848 sunt.
590 1797 617 1846 Si
636 1813 693 1848 reus
713 1797 801 1847 horum
818 1795 878 1847 nihil
899 1798 1015 1860 fecerit.

324 1870 453 1920 accusator
468 1868 552 1929 dicet,
574 1886 631 1919 eum
646 1870 722 1936 usque
737 1871 800 1920 adeo
821 1873 1015 1936 premeditato!

324 1941 413 2001 fuisse,
433 1941 489 2009 quid
509 1942 555 1993 sibi
575 1942 635 1993 esset
652 1943 696 1993 usu
715 1954 868 2000 venturum,
887 1956 921 1996 ut
946 1946 1014 2009 cofi-

324 2015 465 2066 (lentissime
480 2015 592 2065 resistens
609 2015 787 2080 responderet,
803 2029 856 2078 quae
870 2016 949 2084 signa
968 2038 1012 2073 ραι

324 2086 449 2148 fidentiae,
465 2103 516 2138 non
527 2087 674 2138 innocentiae
688 2087 749 2137 sunt.
766 2084 911 2145 Defensor,
930 2094 954 2142 si
971 2110 1012 2163 μ.

324 2160 452 2220 timuerit,
471 2160 635 2228 magnitudine
653 2158 776 2227 periculi,
794 2173 844 2207 non
864 2163 1010 2219 conscioncd

322 2235 420 2303 peccati
430 2235 454 2285 se
469 2247 616 2285 commotum
627 2233 673 2284 esse
688 2232 773 2283 dicet:
786 2231 806 2281 si
819 2246 870 2280 non
881 2233 1009 2299 pe'ffim

323 2310 377 2370 rit,
395 2310 484 2360 fretum
499 2306 642 2359 innocentii
656 2305 755 2374 negabit
770 2303 817 2355 elle
834 2310 1000 2364 commonui,

361 2383 409 2438 vl.
424 2382 578 2450 Approbatio
588 2379 643 2440 ell,
659 2397 705 2446 qua
716 2380 806 2429 utimur
819 2377 849 2428 ad
861 2392 1010 2463 extrenum,

324 2455 467 2508 confinnata
484 2454 627 2520 suspicione.
649 2452 684 2501 Ea
700 2452 774 2502 habet
789 2453 860 2503 locos
868 2456 1009 2538 proprior,

323 2541 398 2594 atque
419 2543 569 2578 communes.
589 2524 685 2590 Proprii
704 2525 791 2576 sunt''
775 2542 812 2584 u,
834 2525 953 2592 quibus,
973 2528 1009 2585 ιἰ·

322 2600 474 2658 accusator,
495 2599 557 2648 δι”
540 2616 579 2658 ιι,
603 2598 689 2665 qriibus
712 2597 757 2649 nisi
782 2597 922 2660 defensor,
945 2616 1009 2657 ιιιιι

322 2672 403 2742 potell
419 2673 466 2724 uti.
483 2671 631 2723 Communes
648 2672 719 2730 sunt,
736 2671 777 2739 qui
793 2671 861 2722 alia'
853 2690 880 2724 rn
898 2676 1009 2731 coust&

323 2764 390 2806 reo,
406 2747 453 2797 alia
464 2747 493 2796 ab
507 2745 648 2796 accusatore
662 2744 803 2796 tradantur.
822 2745 852 2796 ln
865 2750 943 2803 causo
959 2766 1008 2805 en·

322 2818 435 2889 jesturali
451 2821 562 2888 proprius
572 2820 643 2869 locus
659 2818 805 2869 accusatoris
815 2818 850 2869 est
861 2840 927 2891 ,qn
888 2838 970 2891 qum
980 2822 1008 2877 ὅ

323 2897 359 2947 cit
370 2897 487 2946 malorum
503 2893 610 2943 misereri
623 2909 672 2942 non
685 2904 820 2959 oportere,
839 2893 867 2944 &
885 2910 1008 2965 quun·

323 2983 368 3038 get
381 2967 477 3037 peccati
486 2967 649 3018 atrocitatem.
661 2964 805 3017 Defensoris
815 2968 936 3036 propriu:
948 2972 1008 3035 lo·

324 3042 378 3105 et,
398 3059 471 3115 quum
487 3040 673 3094 misericordiam
686 3050 786 3108 captat
805 3039 831 3094 dt
847 3058 934 3110 quun
945 3046 1008 3105 ab

736 3220 763 3246 Ι
