2400 4067
265 323 339 396 180
387 327 463 396 Da
488 327 826 398 Juruurrouu

259 439 407 504 miscuisse.
431 442 509 504 Nam
530 463 621 527 genus
644 439 686 505 est
708 445 841 504 omnium
861 439 955 502 nimi·

258 543 325 583 rum
342 523 495 585 libidinum
513 525 654 607 cupiditas
675 545 682 583 τ
702 523 765 603 ejus
781 541 880 585 autem
899 542 955 607 ge·

259 607 336 666 neris
356 607 418 667 sine
438 607 527 667 dubio
548 627 615 688 pars¹
634 603 676 667 est
695 607 823 667 avaritia.

304 704 353 767 33.
375 688 443 749 Hoc
462 690 547 771 igitur
564 687 716 748 vitandum
735 683 799 760 est,
817 705 878 759 ne,
898 704 955 745 cu·

260 763 306 848 jus
329 789 420 851 genus
441 768 593 851 posueris,
613 765 696 849 ejus,
719 768 801 828 sicuti
820 767 954 849 aliquam

260 849 403 910 diversam
420 873 453 911 ac
474 850 660 923 dissimilem,
675 865 788 933 partem
830 869 904 909 onas
915 850 949 910 in

260 931 364 992 eadem
385 935 548 1013 partitione.
573 932 668 1012 Qubd
692 933 716 992 si
737 871 828 1013 quod
838 932 871 990 in
894 949 953 1014 ge·

261 1033 314 1072 nus
340 1012 437 1095 plures
461 1014 587 1075 incident
612 1030 732 1094 partes,
754 1012 785 1071 id
805 1031 896 1093 quum
918 1014 953 1073 in

259 1095 352 1175 prima
370 1097 524 1176 partitione
541 1093 630 1154 causae
642 1097 696 1155 erit
709 1093 878 1175 simpliciter
895 1112 952 1153 ex·

259 1176 418 1256 positum,
442 1174 621 1237 distribuetur
645 1196 682 1237 eo
705 1193 839 1256 tempore
861 1194 949 1234 com·

259 1257 448 1332 modissime‚
467 1280 555 1341 quum
578 1257 616 1318 ad
634 1255 725 1339 ipsum
746 1273 869 1317 ventum
893 1257 949 1318 erit

259 1339 463 1419 explicandum
485 1343 515 1400 in
534 1339 623 1400 causae
643 1338 768 1399 diilione
791 1334 857 1419 post
875 1358 949 1419 par·

257 1421 401 1482 titionem.
419 1421 517 1503 Atque
534 1421 606 1481 illud
627 1439 744 1504 quoque
762 1420 888 1500 pertinet
908 1417 947 1480 ad

258 1505 453 1582 paucitatem,
467 1523 504 1564 ne
521 1520 569 1563 aut
581 1503 682 1585 plura,
700 1499 788 1582 quaint
804 1498 868 1561 satis
882 1497 949 1575 est,

258 1581 504 1645 demonstraturos
520 1605 575 1645 nos
590 1584 740 1656 dicamus,
757 1582 814 1642 boc
831 1580 944 1643 modos

259 1661 442 1739 Ostendam,
461 1664 658 1737 adversarios,
677 1663 757 1744 quod
777 1685 808 1723 ar
847 1665 944 1737 imus,

257 1743 293 1804 ὃ(
314 1745 435 1826 potuisse
452 1745 570 1816 facere,
593 1746 625 1806 &
645 1743 788 1819 voluisse,
861 1743 946 1806 setis·

256 1823 286 1886 se
301 1846 308 1883 ε
322 1847 390 1887 nam
402 1825 518 1900 secisse,
531 1825 691 1888 ¹ostendere
706 1826 770 1886 satis
786 1823 837 1887 est.
856 1825 944 1902 Aut,

255 1928 345 1990 quum
362 1911 392 1968 in
408 1908 489 1968 causa
507 1905 623 1990 partitio
638 1909 716 1970 nulla
732 1911 787 1980 sit,
805 1907 837 1968 &
852 1927 943 1989 quum

255 1989 378 2070 simplex
400 1989 538 2072 quiddam
563 2007 682 2074 agatur,
706 2006 805 2049 tamen
825 2006 943 2050 utamur
992 2050 997 2056 ,

254 2067 476 2132 distributione:
498 2071 587 2153 idque
609 2071 726 2155 perrari>
748 2066 845 2152 potest
863 2073 943 2131 acci-

254 2149 334 2213 dere.
350 2152 398 2213 Ac
415 2152 479 2213 sunt
499 2153 554 2214 alia
592 2174 690 2236 uoque
710 2169 854 2234 praecepta
871 2173 941 2233 par-

252 2232 410 2309 titionum,
429 2257 493 2318 quae
518 2236 555 2296 ad
573 2177 655 2296 irunt
677 2233 757 2295 usum
779 2234 939 2294 oratorium

252 2333 315 2374 non
335 2318 488 2398 tantopere
506 2319 653 2398 pertinent
674 2339 681 2376 :
704 2337 766 2397 quae
790 2311 939 2377 versantur

251 2394 283 2454 in
303 2395 510 2479 Philosophia,
528 2419 564 2458 ex
578 2399 679 2480 quibus
697 2397 758 2456 baec
772 2394 831 2478 ipsa
843 2413 939 2456 trans·

250 2473 385 2551 tulimus,
401 2499 465 2559 quae
482 2482 640 2540 convenire
652 2479 827 2538 videbantur
841 2498 849 2537 t
863 2499 939 2559 quo-

250 2575 315 2616 rum
331 2558 400 2617 nihil
416 2561 447 2617 in
466 2563 569 2619 ceteris
587 2561 692 2620 artibus
707 2558 936 2622 inveniebamus.

295 2654 342 2716 34.
365 2638 466 2718 Atque
482 2641 525 2699 his
542 2641 579 2700 de
596 2643 753 2722 partitione
762 2642 937 2722 praeceptis,

248 2718 279 2778 in
296 2721 378 2779 omni
396 2719 520 2781 didione
539 2720 701 2782 meminillev
715 2721 887 2802 oportebit,
901 2740 936 2783 ut

251 2800 398 2883 &prima
418 2822 538 2884 quaeque
561 2824 627 2883 pars
648 2849 657 2878 ‚
681 2819 713 2862 ut
736 2805 867 2884 exposita
892 2802 936 2863 est

248 2881 279 2940 in
299 2885 476 2964 partitione,
498 2885 538 2946 sic
560 2885 662 2948 ordine
683 2887 878 2968 transigatur:
899 2885 935 2946 ὅ(
