2400 4067
249 460 328 560 '518
442 457 689 544 oraro
717 480 777 542 ῃ,

248 595 313 640 tem
330 574 444 639 avidior
454 572 496 636 est
505 575 620 656 generis
635 567 721 652 eins,
737 571 773 632 δι
783 567 828 632 his
840 568 944 635 festivi

247 658 369 732 tatibus,
376 659 416 716 sic
423 659 502 716 enirn
509 653 568 735 ipse
575 651 673 715 censet
683 650 873 726 ,insolentiis
880 655 943 719 ebt·

249 742 333 800 titur:
371 759 421 797 uas
432 735 570 797 Isocrates
585 741 691 815 (quum
703 752 807 796 tamen
815 735 942 797 audivit·

249 818 333 881 setin
342 760 667 880 'Iheffalia-adolescens
677 813 780 877 senem
789 813 854 894 jam
864 815 942 878 Gon

272 903 343 971 am)
358 899 533 959 moderatiirs
545 899 731 976 temperavit.
757 896 846 978 Quin
859 901 940 959 etiam

249 921 282 1041 Id
300 978 360 1064 ipse
376 981 510 1052 antam,
533 980 674 1060 quantiam
690 994 776 1039 aetate
796 979 941 1072 procede·

248 1061 316 1135 hat,
334 1081 429 1142 prope
450 1062 528 1121 eninr
549 1076 668 1120 centum
686 1057 819 1121 confecit
838 1081 943 1136 annos,

249 1142 394 1203 relaxarat
409 1164 426 1201 a
442 1143 531 1200 nimia
543 1141 714 1200 necessitate
730 1161 939 1203 numerentur:

251 1223 334 1305 quod
352 1221 479 1282 declarat
494 1224 524 1281 in
542 1242 579 1284 eo
592 1222 667 1280 libro
682 1240 772 1302 quem
788 1221 829 1282 ad
842 1222 865 1282 P
886 1225 910 1238 “
930 1275 933 1279 .

194 1301 196 1305 ’
251 1323 325 1386 pum
341 1303 542 1363 Macedonem
558 1300 686 1382 scripsit,
705 1323 800 1383 quum
818 1300 909 1382 jarna
926 1333 940 1354 ·

154 1447 161 1464 ,
253 1384 378 1444 modum
396 1381 465 1444 esset
481 1382 585 1444 senex:
606 1385 637 1442 in
648 1403 708 1463 quo
727 1382 800 1443 dicit
813 1383 874 1445 sese
890 1386 940 1446 mi⁴

253 1467 309 1526 nos
318 1463 378 1546 jam
386 1463 491 1525 servire
500 1465 642 1535 numeris,
655 1463 745 1544 quim
753 1462 855 1526 solitus
867 1465 939 1527 effer.

253 1542 300 1607 Ita
322 1565 385 1606 non
405 1546 498 1606 modo
518 1543 712 1628 superiores,
735 1543 788 1605 sed
809 1550 899 1608 etiam
914 1545 938 1607 se

252 1625 316 1712 ipse
331 1643 505 1688 correxerat.

298 1706 375 1768 LIII.
410 1706 563 1787 Quoniam
585 1707 672 1788 igitur
697 1705 847 1769 habemus
872 1725 938 1792 apta

255 1790 397 1849 orationis
406 1808 459 1849 eos
474 1791 636 1869 principes,
651 1788 864 1871 audoresque,
873 1810 939 1873 quos

255 1869 398 1943 dicimus,
417 1870 449 1928 &
462 1873 547 1950 origo
556 1871 676 1930 inventa
686 1866 750 1942 est3
774 1871 860 1933 causa
870 1893 941 1956 qua·

253 1968 353 2010 ratur:
373 1970 438 2030 quae
455 1953 495 2008 sic
516 1966 617 2030 aperta
634 1948 693 2024 est,
713 1968 746 2010 ut
764 1954 872 2027 mirer,
890 1972 940 2013 ve·

256 2045 333 2110 teres
341 2052 401 2090 non
410 2027 467 2091 effe
477 2048 661 2103 commotos,
672 2030 833 2112 prasertim
842 2055 942 2116 quum,

258 2129 292 2173 ut
307 2110 359 2185 fit,
377 2111 499 2173 fortuiti)
516 2111 589 2193 saepe
603 2112 710 2192 aliquid
721 2115 882 2189 concluse,
897 2137 942 2197 ap·

256 2194 345 2275 teque
360 2195 509 2253 dicerent:
530 2192 611 2273 quod
625 2215 715 2274 quum
727 2198 844 2256 animos
855 2197 943 2256 homi·

258 2296 330 2337 num
343 2274 480 2355 auresque
498 2294 536 2354 pe
559 2272 670 2348 uliss'er,
689 2290 721 2334 ut
736 2277 831 2336 intelli
853 2280 860 2293 '
900 2298 944 2338 os·

258 2355 320 2430 set,
337 2356 385 2428 id,
401 2355 508 2437 quode
540 2376 570 2414 ns
582 2351 742 2429 effudisset,
758 2298 862 2418 cecid'¹
879 2357 945 2433 eitr-

259 2437 377 2510 cunde3
395 2437 557 2496 notandum
571 2436 650 2496 certe
667 2457 776 2518 genus,
797 2457 887 2520 atque
897 2440 945 2520 ipsi

260 2519 314 2578 sibi
327 2518 457 2576 imitandi
467 2517 593 2576 fuerunt.
615 2514 711 2577 Aures
719 2520 822 2594 enim,
837 2521 888 2581 vel
898 2522 948 2580 ani·

260 2619 325 2660 mus
347 2599 457 2657 aurium
484 2601 584 2656 nuntio
605 2598 766 2658 naturalem
793 2602 947 2682 quamdam

254 2681 290 2740 in
318 2678 347 2739 se
373 2681 502 2738 continet
522 2699 633 2738 vocum
656 2682 792 2739 onmium
821 2685 948 2744 mensio·

261 2781 341 2826 nem.

307 2840 372 2919 178.
391 2838 492 2922 Itaque
511 2839 694 2922 &longiora
709 2839 898 2904 &breviora
906 2841 949 2924 ju-

262 2925 364 2996 dicat,
399 2923 432 2981 &
453 2920 580 3000 perfesta
602 2942 635 2980 ac
660 2922 817 2984 moderata
840 2924 950 3007 semper

250 3003 416 3088 exspectat
442 2999 644 3063 Mutilasentir
660 3003 952 3091 quedam,‚&quaai
