<?xml version="1.0" encoding="UTF-8"?>
<!DOCTYPE html PUBLIC "-//W3C//DTD XHTML 1.0 Transitional//EN"
    "http://www.w3.org/TR/xhtml1/DTD/xhtml1-transitional.dtd">
<html xmlns="http://www.w3.org/1999/xhtml" xml:lang="en" lang="en">
 <head>
  <title>
</title>
<meta http-equiv="Content-Type" content="text/html;charset=utf-8" />
  <meta name='ocr-system' content='tesseract 3.04.00' />
  <meta name='ocr-capabilities' content='ocr_page ocr_carea ocr_par ocr_line ocrx_word'/>
</head>
<body>
  <div class='ocr_page' id='page_1' title='image "./mtulliiciceroni01lallgoog_0387.png"; bbox 0 0 2400 4067; ppageno 0'>
   <div class='ocr_carea' id='block_1_1' title="bbox 414 464 912 562">
    <p class='ocr_par' dir='ltr' id='par_1_1' title="bbox 414 464 912 562">
     <span class='ocr_line' id='line_1_1' title="bbox 414 464 912 562; baseline 0.006 -30"><span class='ocrx_word' id='word_1_1' title='bbox 414 464 741 536; x_wconf 66' lang='lat' dir='ltr'>OnAtonm.</span> <span class='ocrx_word' id='word_1_2' title='bbox 842 469 912 562; x_wconf 83' lang='lat'>381</span> 
     </span>
    </p>
   </div>
   <div class='ocr_carea' id='block_1_2' title="bbox 234 578 945 3088">
    <p class='ocr_par' dir='ltr' id='par_1_2' title="bbox 234 578 924 1066">
     <span class='ocr_line' id='line_1_2' title="bbox 236 578 918 662; baseline 0.007 -23"><span class='ocrx_word' id='word_1_3' title='bbox 236 578 351 641; x_wconf 80' lang='lat' dir='ltr'>necare.</span> <span class='ocrx_word' id='word_1_4' title='bbox 381 578 426 639; x_wconf 85' lang='lat' dir='ltr'>Ita</span> <span class='ocrx_word' id='word_1_5' title='bbox 440 578 664 659; x_wconf 84' lang='lat' dir='ltr'>disceptationes</span> <span class='ocrx_word' id='word_1_6' title='bbox 684 600 744 654; x_wconf 84' lang='lat' dir='ltr'>eae,</span> <span class='ocrx_word' id='word_1_7' title='bbox 762 602 826 662; x_wconf 79' lang='lat' dir='ltr'>qua</span> <span class='ocrx_word' id='word_1_8' title='bbox 834 585 864 642; x_wconf 87' lang='lat' dir='ltr'>in</span> <span class='ocrx_word' id='word_1_9' title='bbox 873 584 918 645; x_wconf 82' lang='lat' dir='ltr'>his</span> 
     </span>
     <span class='ocr_line' id='line_1_3' title="bbox 237 661 919 743; baseline 0.003 -22"><span class='ocrx_word' id='word_1_10' title='bbox 237 662 445 721; x_wconf 73' lang='lat' dir='ltr'>controversiis</span> <span class='ocrx_word' id='word_1_11' title='bbox 470 662 625 734; x_wconf 85' lang='lat' dir='ltr'>oriuntur,</span> <span class='ocrx_word' id='word_1_12' title='bbox 655 683 719 743; x_wconf 79' lang='lat' dir='ltr'>quae</span> <span class='ocrx_word' id='word_1_13' title='bbox 732 661 806 722; x_wconf 87' lang='lat' dir='ltr'>.sunt</span> <span class='ocrx_word' id='word_1_14' title='bbox 832 667 919 724; x_wconf 78' lang='lat' dir='ltr'>certis</span> 
     </span>
     <span class='ocr_line' id='line_1_4' title="bbox 255 741 919 821; baseline 0.002 -19"><span class='ocrx_word' id='word_1_15' title='bbox 255 741 383 814; x_wconf 78' lang='lat' dir='ltr'>erfonis,</span> <span class='ocrx_word' id='word_1_16' title='bbox 401 742 433 802; x_wconf 74' lang='grc' dir='ltr'>δι</span> <span class='ocrx_word' id='word_1_17' title='bbox 443 741 625 821; x_wconf 82' lang='lat' dir='ltr'>tempon&#39;bus</span> <span class='ocrx_word' id='word_1_18' title='bbox 637 760 764 816; x_wconf 66' lang='lat' dir='ltr'>notatae,</span> <span class='ocrx_word' id='word_1_19' title='bbox 774 741 848 803; x_wconf 85' lang='lat' dir='ltr'>fiunt</span> <span class='ocrx_word' id='word_1_20' title='bbox 858 765 919 803; x_wconf 83' lang='lat' dir='ltr'>rut-</span> 
     </span>
     <span class='ocr_line' id='line_1_5' title="bbox 235 762 919 905; baseline 0.006 -24"><span class='ocrx_word' id='word_1_21' title='bbox 235 762 275 883; x_wconf 57' lang='lat' dir='ltr'>dus</span> <span class='ocrx_word' id='word_1_22' title='bbox 298 819 443 896; x_wconf 65' lang='lat' dir='ltr'>infinite,</span> <span class='ocrx_word' id='word_1_23' title='bbox 470 820 656 902; x_wconf 68' lang='lat' dir='ltr'>detradiisqne</span> <span class='ocrx_word' id='word_1_24' title='bbox 678 824 860 905; x_wconf 69' lang='lat' dir='ltr'>tempqnbus</span> <span class='ocrx_word' id='word_1_25' title='bbox 884 826 919 885; x_wconf 89' lang='lat'>&amp;</span> 
     </span>
     <span class='ocr_line' id='line_1_6' title="bbox 235 901 924 983; baseline 0.004 -20"><span class='ocrx_word' id='word_1_26' title='bbox 235 901 366 983; x_wconf 81' lang='lat' dir='ltr'>personis</span> <span class='ocrx_word' id='word_1_27' title='bbox 379 901 487 963; x_wconf 86' lang='lat' dir='ltr'>rursum</span> <span class='ocrx_word' id='word_1_28' title='bbox 504 901 775 965; x_wconf 72' lang='lat' dir='ltr'>adeonsultationis</span> <span class='ocrx_word' id='word_1_29' title='bbox 789 904 924 966; x_wconf 86' lang='lat' dir='ltr'>formam·</span> 
     </span>
     <span class='ocr_line' id='line_1_7' title="bbox 234 987 635 1066; baseline -0.005 -21"><span class='ocrx_word' id='word_1_30' title='bbox 234 987 438 1066; x_wconf 81' lang='lat' dir='ltr'>rationemque</span> <span class='ocrx_word' id='word_1_31' title='bbox 449 1002 635 1045; x_wconf 88' lang='lat' dir='ltr'>revocantur.</span> 
     </span>
    </p>

    <p class='ocr_par' dir='ltr' id='par_1_3' title="bbox 234 1062 945 2345">
     <span class='ocr_line' id='line_1_8' title="bbox 270 1062 918 1147; baseline 0.006 -22"><span class='ocrx_word' id='word_1_32' title='bbox 270 1063 390 1125; x_wconf 85' lang='lat' dir='ltr'>XXXI.</span> <span class='ocrx_word' id='word_1_33' title='bbox 409 1063 469 1125; x_wconf 84' lang='lat' dir='ltr'>Sed</span> <span class='ocrx_word' id='word_1_34' title='bbox 481 1068 516 1124; x_wconf 92' lang='lat' dir='ltr'>in.</span> <span class='ocrx_word' id='word_1_35' title='bbox 523 1067 696 1147; x_wconf 84' lang='lat' dir='ltr'>gravissimis</span> <span class='ocrx_word' id='word_1_36' title='bbox 710 1062 918 1143; x_wconf 78' lang='lat' dir='ltr'>firmamentis,</span> 
     </span>
     <span class='ocr_line' id='line_1_9' title="bbox 234 1145 916 1231; baseline 0.003 -24"><span class='ocrx_word' id='word_1_37' title='bbox 234 1148 324 1207; x_wconf 74' lang='lat' dir='ltr'>niam</span> <span class='ocrx_word' id='word_1_38' title='bbox 339 1145 388 1205; x_wconf 78' lang='lat' dir='ltr'>illa</span> <span class='ocrx_word' id='word_1_39' title='bbox 401 1146 540 1227; x_wconf 82' lang='lat' dir='ltr'>ponenda</span> <span class='ocrx_word' id='word_1_40' title='bbox 552 1145 637 1220; x_wconf 90' lang='lat' dir='ltr'>sunt,</span> <span class='ocrx_word' id='word_1_41' title='bbox 654 1149 679 1205; x_wconf 86' lang='lat' dir='ltr'>si</span> <span class='ocrx_word' id='word_1_42' title='bbox 691 1167 747 1227; x_wconf 85' lang='lat' dir='ltr'>qua</span> <span class='ocrx_word' id='word_1_43' title='bbox 758 1167 796 1208; x_wconf 79' lang='lat' dir='ltr'>ex</span> <span class='ocrx_word' id='word_1_44' title='bbox 807 1146 916 1231; x_wconf 86' lang='lat' dir='ltr'>scripto</span> 
     </span>
     <span class='ocr_line' id='line_1_10' title="bbox 237 1225 918 1310; baseline 0.001 -21"><span class='ocrx_word' id='word_1_45' title='bbox 237 1248 253 1289; x_wconf 89' lang='lat' dir='ltr'>e</span> <span class='ocrx_word' id='word_1_46' title='bbox 279 1230 324 1300; x_wconf 88' lang='lat' dir='ltr'>&#39;s‚</span> <span class='ocrx_word' id='word_1_47' title='bbox 339 1243 390 1287; x_wconf 86' lang='lat' dir='ltr'>aut</span> <span class='ocrx_word' id='word_1_48' title='bbox 402 1225 583 1301; x_wconf 86' lang='lat' dir='ltr'>testamenti,</span> <span class='ocrx_word' id='word_1_49' title='bbox 600 1234 649 1291; x_wconf 81' lang='lat' dir='ltr'>aut</span> <span class='ocrx_word' id='word_1_50' title='bbox 658 1228 818 1287; x_wconf 84' lang='lat' dir='ltr'>verborum</span> <span class='ocrx_word' id='word_1_51' title='bbox 827 1231 918 1310; x_wconf 78' lang='lat' dir='ltr'>ipsius</span> 
     </span>
     <span class='ocr_line' id='line_1_11' title="bbox 238 1306 919 1388; baseline 0.001 -19"><span class='ocrx_word' id='word_1_52' title='bbox 238 1330 257 1369; x_wconf 86' lang='lat' dir='ltr'>u</span> <span class='ocrx_word' id='word_1_53' title='bbox 283 1309 355 1382; x_wconf 87' lang='lat' dir='ltr'>&#39;cii‚</span> <span class='ocrx_word' id='word_1_54' title='bbox 371 1325 419 1367; x_wconf 87' lang='lat' dir='ltr'>aut</span> <span class='ocrx_word' id='word_1_55' title='bbox 435 1306 551 1388; x_wconf 86' lang='lat' dir='ltr'>alicujus</span> <span class='ocrx_word' id='word_1_56' title='bbox 566 1307 770 1388; x_wconf 75' lang='lat' dir='ltr'>stipulationis,</span> <span class='ocrx_word' id='word_1_57' title='bbox 784 1326 834 1369; x_wconf 90' lang='lat' dir='ltr'>aut</span> <span class='ocrx_word' id='word_1_58' title='bbox 848 1332 919 1370; x_wconf 89' lang='lat' dir='ltr'>cau·</span> 
     </span>
     <span class='ocr_line' id='line_1_12' title="bbox 236 1387 918 1470; baseline -0.001 -19"><span class='ocrx_word' id='word_1_59' title='bbox 236 1392 322 1451; x_wconf 78' lang='lat' dir='ltr'>ionis</span> <span class='ocrx_word' id='word_1_60' title='bbox 331 1387 850 1470; x_wconf 77' lang='lat' dir='ltr'>opponunnirdefensionimntraria.</span> <span class='ocrx_word' id='word_1_61' title='bbox 869 1390 918 1451; x_wconf 86' lang='lat' dir='ltr'>Ac</span> 
     </span>
     <span class='ocr_line' id='line_1_13' title="bbox 235 1458 919 1552; baseline -0.009 -17"><span class='ocrx_word' id='word_1_62' title='bbox 235 1491 264 1535; x_wconf 79' lang='lat' dir='ltr'>te</span> <span class='ocrx_word' id='word_1_63' title='bbox 279 1470 345 1531; x_wconf 89' lang='lat' dir='ltr'>hoc</span> <span class='ocrx_word' id='word_1_64' title='bbox 359 1468 478 1552; x_wconf 78' lang='lat' dir='ltr'>quidem</span> <span class='ocrx_word' id='word_1_65' title='bbox 513 1491 584 1531; x_wconf 82' lang='lat' dir='ltr'>enus</span> <span class='ocrx_word' id='word_1_66' title='bbox 598 1458 690 1530; x_wconf 70' lang='lat' dir='ltr'>in‘eas</span> <span class='ocrx_word' id='word_1_67' title='bbox 705 1468 803 1529; x_wconf 81' lang='lat' dir='ltr'>catisas</span> <span class='ocrx_word' id='word_1_68' title='bbox 819 1473 919 1529; x_wconf 85' lang='lat' dir='ltr'>incut-</span> 
     </span>
     <span class='ocr_line' id='line_1_14' title="bbox 235 1548 928 1633; baseline -0.012 -20"><span class='ocrx_word' id='word_1_69' title='bbox 235 1554 289 1627; x_wconf 88' lang='lat' dir='ltr'>it,</span> <span class='ocrx_word' id='word_1_70' title='bbox 313 1571 381 1633; x_wconf 72' lang='lat' dir='ltr'>que</span> <span class='ocrx_word' id='word_1_71' title='bbox 402 1548 488 1631; x_wconf 82' lang='lat' dir='ltr'>conje</span> <span class='ocrx_word' id='word_1_72' title='bbox 549 1551 786 1611; x_wconf 77' lang='lat' dir='ltr'>deontinentur.</span> <span class='ocrx_word' id='word_1_73' title='bbox 821 1548 928 1630; x_wconf 83' lang='lat' dir='ltr'>Quod.</span> 
     </span>
     <span class='ocr_line' id='line_1_15' title="bbox 235 1630 918 1713; baseline -0.004 -18"><span class='ocrx_word' id='word_1_74' title='bbox 235 1635 314 1695; x_wconf 76' lang='lat' dir='ltr'>tnim</span> <span class='ocrx_word' id='word_1_75' title='bbox 328 1630 436 1693; x_wconf 64' lang='lat' dir='ltr'>fadum</span> <span class='ocrx_word' id='word_1_76' title='bbox 450 1653 488 1695; x_wconf 90' lang='lat' dir='ltr'>ne</span> <span class='ocrx_word' id='word_1_77' title='bbox 509 1651 588 1706; x_wconf 86' lang='lat' dir='ltr'>atur,</span> <span class='ocrx_word' id='word_1_78' title='bbox 604 1631 636 1691; x_wconf 89' lang='lat' dir='ltr'>id</span> <span class='ocrx_word' id='word_1_79' title='bbox 652 1633 734 1713; x_wconf 85' lang='lat' dir='ltr'>argui</span> <span class='ocrx_word' id='word_1_80' title='bbox 745 1651 807 1691; x_wconf 91' lang='lat' dir='ltr'>non</span> <span class='ocrx_word' id='word_1_81' title='bbox 819 1630 918 1711; x_wconf 86' lang='lat' dir='ltr'>potest</span> 
     </span>
     <span class='ocr_line' id='line_1_16' title="bbox 235 1654 945 1795; baseline -0.004 -20"><span class='ocrx_word' id='word_1_82' title='bbox 235 1713 354 1795; x_wconf 68' lang='lat' dir='ltr'>&#39;cn&#39;ptm</span> <span class='ocrx_word' id='word_1_83' title='bbox 386 1712 434 1775; x_wconf 88' lang='lat' dir='ltr'>Ne</span> <span class='ocrx_word' id='word_1_84' title='bbox 444 1715 473 1774; x_wconf 93' lang='lat' dir='ltr'>in</span> <span class='ocrx_word' id='word_1_85' title='bbox 483 1654 686 1775; x_wconf 71' lang='lat' dir='ltr'>definitionem</span> <span class='ocrx_word' id='word_1_86' title='bbox 703 1712 822 1793; x_wconf 88' lang='lat' dir='ltr'>quidem</span> <span class='ocrx_word' id='word_1_87' title='bbox 834 1715 919 1772; x_wconf 86' lang='lat' dir='ltr'>venit</span> <span class='ocrx_word' id='word_1_88' title='bbox 930 1740 945 1788; x_wconf 74' lang='lat' dir='ltr'>i·</span> 
     </span>
     <span class='ocr_line' id='line_1_17' title="bbox 235 1791 921 1879; baseline -0.006 -22"><span class='ocrx_word' id='word_1_89' title='bbox 235 1793 558 1879; x_wconf 70' lang='lat' dir='ltr'>generescriptiipsius.</span> <span class='ocrx_word' id='word_1_90' title='bbox 578 1793 657 1854; x_wconf 89' lang='lat' dir='ltr'>Nam</span> <span class='ocrx_word' id='word_1_91' title='bbox 666 1795 754 1854; x_wconf 88' lang='lat' dir='ltr'>etiatn</span> <span class='ocrx_word' id='word_1_92' title='bbox 763 1791 921 1854; x_wconf 85' lang='lat' dir='ltr'>siverbum</span> 
     </span>
     <span class='ocr_line' id='line_1_18' title="bbox 235 1871 919 1958; baseline -0.003 -21"><span class='ocrx_word' id='word_1_93' title='bbox 235 1875 358 1958; x_wconf 80' lang='lat' dir='ltr'>iliquod</span> <span class='ocrx_word' id='word_1_94' title='bbox 370 1874 408 1935; x_wconf 88' lang='lat' dir='ltr'>de</span> <span class='ocrx_word' id='word_1_95' title='bbox 419 1874 523 1958; x_wconf 85' lang='lat' dir='ltr'>scripto</span> <span class='ocrx_word' id='word_1_96' title='bbox 536 1873 733 1936; x_wconf 88' lang='lat' dir='ltr'>definiendum</span> <span class='ocrx_word' id='word_1_97' title='bbox 749 1871 810 1947; x_wconf 90' lang='lat' dir='ltr'>est,</span> <span class='ocrx_word' id='word_1_98' title='bbox 828 1896 919 1956; x_wconf 87' lang='lat' dir='ltr'>quam</span> 
     </span>
     <span class='ocr_line' id='line_1_19' title="bbox 235 1953 919 2039; baseline -0.003 -21"><span class='ocrx_word' id='word_1_99' title='bbox 235 1961 297 2019; x_wconf 74' lang='lat' dir='ltr'>tim</span> <span class='ocrx_word' id='word_1_100' title='bbox 319 1956 449 2017; x_wconf 85' lang='lat' dir='ltr'>habeat:</span> <span class='ocrx_word' id='word_1_101' title='bbox 476 1975 530 2030; x_wconf 82' lang='lat' dir='ltr'>ut,</span> <span class='ocrx_word' id='word_1_102' title='bbox 549 1978 641 2039; x_wconf 85' lang='lat' dir='ltr'>quum</span> <span class='ocrx_word' id='word_1_103' title='bbox 662 1977 699 2017; x_wconf 87' lang='lat' dir='ltr'>ex</span> <span class='ocrx_word' id='word_1_104' title='bbox 718 1953 919 2029; x_wconf 86' lang='lat' dir='ltr'>testamentis,</span> 
     </span>
     <span class='ocr_line' id='line_1_20' title="bbox 235 2037 919 2122; baseline -0.006 -21"><span class='ocrx_word' id='word_1_105' title='bbox 235 2037 308 2122; x_wconf 67' lang='lat' dir='ltr'>naid</span> <span class='ocrx_word' id='word_1_106' title='bbox 323 2038 360 2097; x_wconf 88' lang='lat' dir='ltr'>sit</span> <span class='ocrx_word' id='word_1_107' title='bbox 377 2057 488 2119; x_wconf 83' lang='lat' dir='ltr'>penus,</span> <span class='ocrx_word' id='word_1_108' title='bbox 505 2055 554 2098; x_wconf 92' lang='lat' dir='ltr'>aut</span> <span class='ocrx_word' id='word_1_109' title='bbox 571 2058 660 2117; x_wconf 86' lang='lat' dir='ltr'>quum</span> <span class='ocrx_word' id='word_1_110' title='bbox 678 2057 716 2097; x_wconf 82' lang='lat' dir='ltr'>ex</span> <span class='ocrx_word' id='word_1_111' title='bbox 734 2037 801 2118; x_wconf 88' lang='lat' dir='ltr'>lege</span> <span class='ocrx_word' id='word_1_112' title='bbox 818 2037 919 2117; x_wconf 85' lang='lat' dir='ltr'>praedii</span> 
     </span>
     <span class='ocr_line' id='line_1_21' title="bbox 235 2116 922 2203; baseline -0.003 -24"><span class='ocrx_word' id='word_1_113' title='bbox 235 2121 392 2203; x_wconf 60' lang='lat' dir='ltr'>quaeritur,</span> <span class='ocrx_word' id='word_1_114' title='bbox 487 2121 544 2182; x_wconf 85' lang='lat' dir='ltr'>sint</span> <span class='ocrx_word' id='word_1_115' title='bbox 560 2136 624 2181; x_wconf 83' lang='lat' dir='ltr'>ruta</span> <span class='ocrx_word' id='word_1_116' title='bbox 639 2116 732 2177; x_wconf 87' lang='lat' dir='ltr'>caesa:</span> <span class='ocrx_word' id='word_1_117' title='bbox 750 2138 811 2178; x_wconf 89' lang='lat' dir='ltr'>non</span> <span class='ocrx_word' id='word_1_118' title='bbox 823 2116 922 2198; x_wconf 81' lang='lat' dir='ltr'>scripti</span> 
     </span>
     <span class='ocr_line' id='line_1_22' title="bbox 235 2140 922 2286; baseline -0.004 -23"><span class='ocrx_word' id='word_1_119' title='bbox 235 2221 354 2286; x_wconf 79' lang='lat' dir='ltr'>genus,</span> <span class='ocrx_word' id='word_1_120' title='bbox 371 2140 519 2263; x_wconf 52' lang='lat' dir='ltr'>sedunze&#39;tbi</span> <span class='ocrx_word' id='word_1_121' title='bbox 531 2199 732 2280; x_wconf 78' lang='lat' dir='ltr'>interpretatio</span> <span class='ocrx_word' id='word_1_122' title='bbox 742 2213 922 2260; x_wconf 87' lang='lat' dir='ltr'>controver-</span> 
     </span>
     <span class='ocr_line' id='line_1_23' title="bbox 235 2283 519 2345; baseline -0.018 0"><span class='ocrx_word' id='word_1_123' title='bbox 235 2285 312 2345; x_wconf 82' lang='lat' dir='ltr'>siam</span> <span class='ocrx_word' id='word_1_124' title='bbox 348 2283 411 2341; x_wconf 88' lang='lat' dir='ltr'>arit.</span> <span class='ocrx_word' id='word_1_125' title='bbox 454 2336 457 2341; x_wconf 91' lang='lat'>.</span> <span class='ocrx_word' id='word_1_126' title='bbox 515 2310 519 2315; x_wconf 95' lang='lat'><em>·</em></span> 
     </span>
    </p>

    <p class='ocr_par' dir='ltr' id='par_1_4' title="bbox 235 2303 925 3088">
     <span class='ocr_line' id='line_1_24' title="bbox 282 2303 921 2442; baseline -0.006 -21"><span class='ocrx_word' id='word_1_127' title='bbox 282 2303 352 2423; x_wconf 68' lang='lat' dir='ltr'>aod.</span> <span class='ocrx_word' id='word_1_128' title='bbox 381 2361 485 2442; x_wconf 85' lang='lat' dir='ltr'>Quum</span> <span class='ocrx_word' id='word_1_129' title='bbox 506 2375 605 2421; x_wconf 88' lang='lat' dir='ltr'>autem</span> <span class='ocrx_word' id='word_1_130' title='bbox 625 2357 707 2439; x_wconf 88' lang='lat' dir='ltr'>plura</span> <span class='ocrx_word' id='word_1_131' title='bbox 725 2354 921 2439; x_wconf 81' lang='lat' dir='ltr'>significantur</span> 
     </span>
     <span class='ocr_line' id='line_1_25' title="bbox 235 2437 921 2524; baseline -0.009 -21"><span class='ocrx_word' id='word_1_132' title='bbox 235 2442 373 2523; x_wconf 85' lang='lat' dir='ltr'>scripto,</span> <span class='ocrx_word' id='word_1_133' title='bbox 409 2458 531 2524; x_wconf 87' lang='lat' dir='ltr'>propter</span> <span class='ocrx_word' id='word_1_134' title='bbox 551 2440 660 2513; x_wconf 84' lang='lat' dir='ltr'>verbi,</span> <span class='ocrx_word' id='word_1_135' title='bbox 688 2454 737 2499; x_wconf 85' lang='lat' dir='ltr'>aut</span> <span class='ocrx_word' id='word_1_136' title='bbox 760 2437 921 2498; x_wconf 86' lang='lat' dir='ltr'>verborum</span> 
     </span>
     <span class='ocr_line' id='line_1_26' title="bbox 235 2517 923 2605; baseline -0.009 -22"><span class='ocrx_word' id='word_1_137' title='bbox 235 2525 476 2605; x_wconf 82' lang='lat' dir='ltr'>ambiguitatem,</span> <span class='ocrx_word' id='word_1_138' title='bbox 491 2540 522 2580; x_wconf 94' lang='lat' dir='ltr'>ut</span> <span class='ocrx_word' id='word_1_139' title='bbox 537 2521 624 2581; x_wconf 88' lang='lat' dir='ltr'>liceat</span> <span class='ocrx_word' id='word_1_140' title='bbox 639 2522 687 2593; x_wconf 88' lang='lat' dir='ltr'>ei,</span> <span class='ocrx_word' id='word_1_141' title='bbox 702 2519 750 2601; x_wconf 89' lang='lat' dir='ltr'>qui</span> <span class='ocrx_word' id='word_1_142' title='bbox 763 2517 867 2579; x_wconf 75' lang='lat' dir='ltr'>contra</span> <span class='ocrx_word' id='word_1_143' title='bbox 876 2517 923 2578; x_wconf 87' lang='lat' dir='ltr'>di·</span> 
     </span>
     <span class='ocr_line' id='line_1_27' title="bbox 236 2597 922 2684; baseline -0.01 -19"><span class='ocrx_word' id='word_1_144' title='bbox 236 2619 310 2679; x_wconf 77' lang='lat' dir='ltr'>tat,</span> <span class='ocrx_word' id='word_1_145' title='bbox 340 2605 378 2664; x_wconf 79' lang='lat' dir='ltr'>eb</span> <span class='ocrx_word' id='word_1_146' title='bbox 400 2604 515 2664; x_wconf 84' lang='lat' dir='ltr'>trahere</span> <span class='ocrx_word' id='word_1_147' title='bbox 538 2600 778 2684; x_wconf 82' lang='lat' dir='ltr'>significationem</span> <span class='ocrx_word' id='word_1_148' title='bbox 799 2597 922 2680; x_wconf 85' lang='lat' dir='ltr'>scripti,</span> 
     </span>
     <span class='ocr_line' id='line_1_28' title="bbox 236 2681 923 2768; baseline -0.01 -21"><span class='ocrx_word' id='word_1_149' title='bbox 236 2686 300 2768; x_wconf 74' lang='lat' dir='ltr'>qud</span> <span class='ocrx_word' id='word_1_150' title='bbox 311 2705 348 2746; x_wconf 86' lang='lat' dir='ltr'>ex</span> <span class='ocrx_word' id='word_1_151' title='bbox 371 2684 465 2758; x_wconf 90' lang='lat' dir='ltr'>ediat,</span> <span class='ocrx_word' id='word_1_152' title='bbox 478 2702 527 2745; x_wconf 89' lang='lat' dir='ltr'>aut</span> <span class='ocrx_word' id='word_1_153' title='bbox 537 2684 626 2744; x_wconf 87' lang='lat' dir='ltr'>velit:</span> <span class='ocrx_word' id='word_1_154' title='bbox 645 2700 708 2755; x_wconf 88' lang='lat' dir='ltr'>aut,</span> <span class='ocrx_word' id='word_1_155' title='bbox 723 2681 811 2741; x_wconf 89' lang='lat' dir='ltr'>etiam</span> <span class='ocrx_word' id='word_1_156' title='bbox 825 2682 849 2739; x_wconf 86' lang='lat' dir='ltr'>si</span> <span class='ocrx_word' id='word_1_157' title='bbox 863 2701 923 2740; x_wconf 89' lang='lat' dir='ltr'>am·</span> 
     </span>
     <span class='ocr_line' id='line_1_29' title="bbox 236 2707 923 2851; baseline -0.01 -23"><span class='ocrx_word' id='word_1_158' title='bbox 236 2767 330 2851; x_wconf 68' lang='lat' dir='ltr'>bigne</span> <span class='ocrx_word' id='word_1_159' title='bbox 348 2707 484 2844; x_wconf 57' lang='lat' dir='ltr'>deriptum</span> <span class='ocrx_word' id='word_1_160' title='bbox 505 2786 566 2824; x_wconf 93' lang='lat' dir='ltr'>non</span> <span class='ocrx_word' id='word_1_161' title='bbox 580 2767 635 2835; x_wconf 85' lang='lat' dir='ltr'>sit,</span> <span class='ocrx_word' id='word_1_162' title='bbox 652 2763 703 2824; x_wconf 90' lang='lat' dir='ltr'>vel</span> <span class='ocrx_word' id='word_1_163' title='bbox 718 2783 735 2821; x_wconf 89' lang='lat' dir='ltr'>a</span> <span class='ocrx_word' id='word_1_164' title='bbox 753 2761 850 2823; x_wconf 84' lang='lat' dir='ltr'>verbis</span> <span class='ocrx_word' id='word_1_165' title='bbox 862 2782 923 2821; x_wconf 88' lang='lat' dir='ltr'>vo·</span> 
     </span>
     <span class='ocr_line' id='line_1_30' title="bbox 236 2840 925 2923; baseline -0.013 -13"><span class='ocrx_word' id='word_1_166' title='bbox 236 2849 387 2909; x_wconf 80' lang='lat' dir='ltr'>luntatem</span> <span class='ocrx_word' id='word_1_167' title='bbox 406 2842 620 2903; x_wconf 88' lang='lat' dir='ltr'>&amp;sententiam</span> <span class='ocrx_word' id='word_1_168' title='bbox 634 2842 778 2923; x_wconf 86' lang='lat' dir='ltr'>scriptoris</span> <span class='ocrx_word' id='word_1_169' title='bbox 791 2840 925 2901; x_wconf 84' lang='lat' dir='ltr'>abduce·</span> 
     </span>
     <span class='ocr_line' id='line_1_31' title="bbox 236 2921 924 2997; baseline -0.012 -10"><span class='ocrx_word' id='word_1_170' title='bbox 236 2949 302 2997; x_wconf 86' lang='lat' dir='ltr'>re,</span> <span class='ocrx_word' id='word_1_171' title='bbox 331 2924 380 2984; x_wconf 84' lang='lat' dir='ltr'>vel</span> <span class='ocrx_word' id='word_1_172' title='bbox 403 2923 461 2981; x_wconf 90' lang='lat' dir='ltr'>alio</span> <span class='ocrx_word' id='word_1_173' title='bbox 484 2921 512 2982; x_wconf 92' lang='lat' dir='ltr'>se</span> <span class='ocrx_word' id='word_1_174' title='bbox 536 2923 641 2983; x_wconf 70' lang='lat' dir='ltr'>eadem</span> <span class='ocrx_word' id='word_1_175' title='bbox 660 2921 699 2982; x_wconf 91' lang='lat' dir='ltr'>de</span> <span class='ocrx_word' id='word_1_176' title='bbox 723 2942 754 2980; x_wconf 88' lang='lat' dir='ltr'>re</span> <span class='ocrx_word' id='word_1_177' title='bbox 780 2922 924 2980; x_wconf 66' lang='lat' dir='ltr'>contrarie</span> 
     </span>
     <span class='ocr_line' id='line_1_32' title="bbox 238 3000 924 3088; baseline -0.017 -18"><span class='ocrx_word' id='word_1_178' title='bbox 238 3008 351 3088; x_wconf 84' lang='lat' dir='ltr'>scripto</span> <span class='ocrx_word' id='word_1_179' title='bbox 378 3001 565 3064; x_wconf 83' lang='lat' dir='ltr'>defendere:</span> <span class='ocrx_word' id='word_1_180' title='bbox 597 3019 661 3063; x_wconf 89' lang='lat' dir='ltr'>tum</span> <span class='ocrx_word' id='word_1_181' title='bbox 688 3000 857 3081; x_wconf 85' lang='lat' dir='ltr'>disceptatio</span> <span class='ocrx_word' id='word_1_182' title='bbox 886 3018 924 3059; x_wconf 83' lang='lat' dir='ltr'>ex</span> 
     </span>
    </p>
   </div>
   <div class='ocr_carea' id='block_1_3' title="bbox 0 0 1206 4067">
    <p class='ocr_par' dir='ltr' id='par_1_5' title="bbox 0 0 1206 4067">
     <span class='ocr_line' id='line_1_33' title="bbox 0 0 1206 4067; baseline 0 0"><span class='ocrx_word' id='word_1_183' title='bbox 0 0 1206 4067; x_wconf 95' lang='lat' dir='ltr'> </span> 
     </span>
    </p>
   </div>
  </div>
 </body>
</html>
