2400 4067
579 503 1170 570 RHETORICA
1234 502 1440 568 [ΑΒ.
1497 499 1557 566 Ι.
1667 515 1807 592 153

432 613 767 678 sensionem
795 662 814 691 ‚
851 632 947 676 aut
993 617 1350 697 petitionem
1398 615 1463 674 ὃ(
1497 613 1816 675 recusatio-

433 712 595 758 nem.
641 697 755 772 Et,
799 695 1300 780 quemadmodum
1335 693 1530 754 nostra
1571 695 1810 776 quidem

435 776 550 838 fert
574 782 775 860 opinio
797 824 815 852 ‚
841 779 1087 838 oratoris
1110 796 1198 836 ars
1219 816 1241 850 ³
1270 777 1335 836 ὅτ.
1356 775 1598 836 facultas
1620 777 1678 834 in
1701 776 1810 836 hac

432 863 675 920 materia
693 862 974 940 tripartita
996 853 1207 917 versari
1229 855 1601 917 existimanda
1623 855 1726 917 est.

519 939 629 1000 VI.
673 940 829 999 Nam
863 934 1278 1021 ·Hermagoras
1335 938 1574 1019 quidem
1621 985 1643 1009 ‚
1693 957 1806 998 nec

435 1020 576 1102 quid
608 1019 759 1081 dicat
784 1067 803 1094 ‚
836 1020 1139 1080 attendere
1163 1065 1182 1093 ,
1216 1040 1325 1079 nec
1359 1019 1498 1100 quid
1523 1019 1813 1100 pollicea-

432 1115 526 1161 tur
548 1148 567 1176 ,
598 1103 921 1184 intelligere
956 1100 1188 1160 videtur
1218 1121 1236 1174 3
1269 1103 1366 1181 qui
1397 1103 1640 1160 oratoris
1678 1122 1810 1160 ma-

432 1184 639 1242 teriam
673 1186 731 1242 in
769 1181 993 1243 causam
1036 1183 1110 1241 &2²
1139 1184 1198 1241 in
1238 1180 1612 1263 quaestionem
1655 1182 1808 1243 divi-

433 1263 555 1322 dat.
601 1262 851 1324 Causam
886 1261 999 1322 esse
1037 1263 1174 1323 dicit
1204 1284 1330 1322 rem
1361 1307 1379 1336 ‚
1460 1285 1546 1321 uae
1591 1263 1805 1324 habeat

430 1346 493 1403 in
540 1343 596 1404 se
638 1346 1101 1403 controversiam
1143 1345 1203 1401 in
1252 1285 1505 1404 dicendo
1545 1345 1804 1423 positam

431 1446 570 1484 cum
598 1424 973 1505 personarum
1002 1440 1286 1482 certarum
1315 1425 1758 1503 interpositione
1782 1444 1803 1498 ;

430 1526 608 1586 quam
648 1527 759 1566 nos
867 1524 1021 1585 oque
1056 1506 1276 1563 oratori
1304 1503 1542 1563 dicimus
1576 1502 1689 1564 effe
1717 1522 1805 1564 at-

429 1586 727 1647 tributam.
772 1526 929 1644 §lim
964 1586 1019 1644 ei
1052 1600 1170 1644 tres
1214 1602 1406 1664 partes
1432 1630 1451 1658 ,
1487 1605 1628 1666 quas
1669 1586 1802 1646 ante

429 1667 712 1742 diximus,
741 1665 1152 1748 supponimuS‚
1177 1663 1509 1744 judicialem
1531 1709 1549 1738 ‚
1585 1665 1807 1726 delibe-

428 1751 675 1809 rativam
718 1793 737 1822 ‚
796 1745 1331 1809 demonstrativam.
1393 1744 1799 1826 Quaestionem

428 1846 623 1890 autem
674 1849 804 1890 eam
842 1828 1099 1910 appellat
1134 1875 1154 1902 ,
1240 1850 1327 1888 uae
1376 1828 1590 1888 habeat
1633 1830 1693 1889 in
1735 1831 1796 1890 se

426 1913 887 1970 controversiam
928 1913 987 1969 in
1034 1851 1284 1970 dicendo
1331 1912 1579 1989 positam
1611 1954 1630 1983 ‚
1671 1912 1796 1970 sine

427 2009 713 2052 certarum
764 1990 1137 2073 personarum
1179 1993 1627 2073 interpositione
1661 2035 1681 2064 ‚
1721 1991 1797 2051 ad

425 2073 576 2132 hunc
610 2073 853 2132 modum
893 2093 908 2130 ε
948 2071 1169 2154 Ecquid
1211 2075 1281 2131 sit
1324 2072 1548 2132 bonum
1629 2088 1795 2132 raeter

424 2153 788 2215 honestatem
825 2152 1087 2212 :Verine
1126 2153 1239 2211 sint
1272 2151 1459 2211 sensus
1497 2173 1510 2211 :
1545 2094 1699 2231 (guae
1723 2154 1796 2213 sit

423 2234 630 2296 mundi
668 2232 859 2290 forma
895 2252 910 2287 t
954 2231 1110 2308 Quae
1154 2233 1226 2289 sit
1260 2231 1393 2289 solis
1429 2233 1795 2312 magnitudo.

425 2314 596 2391 Quas
633 2309 975 2392 quaestiones
1016 2309 1225 2388 procul
1265 2310 1336 2366 ab
1377 2313 1623 2368 oratoris
1658 2310 1798 2370 offi-

426 2396 521 2452 cio
547 2409 803 2451 remotas
824 2435 842 2463 ‚
875 2388 1044 2448 facile
1067 2407 1274 2448 omnes
1295 2388 1617 2470 intelligere
1645 2393 1797 2450 exis·-

423 2463 715 2532 timamus.
769 2471 963 2544 Nam,
1008 2469 1213 2551 quibus
1259 2470 1317 2527 in
1359 2469 1530 2529 rebus
1574 2468 1793 2532 summa

422 2557 656 2636 ingenia
698 2551 1176 2634 philosophorum
1226 2551 1476 2631 plurimo
1523 2573 1655 2611 cum
1704 2552 1799 2615 la·-

423 2636 572 2695 bore
622 2632 958 2714 consumpta
1001 2631 1372 2713 intelligimus
1399 2680 1417 2707 ‚
1459 2653 1553 2694 eas
1578 2679 1596 2707 ‚
1643 2634 1792 2696 sicut

423 2716 641 2797 aliquas
685 2737 893 2797 parvas
941 2735 1033 2774 res
1070 2759 1089 2790 ,
1140 2716 1357 2772 oratori
1409 2715 1718 2776 attribuere
1765 2762 1791 2789 ,

419 2818 634 2877 magna
666 2798 916 2856 amentia
945 2795 1194 2856 videtur.
1225 2794 1410 2871 Quod
1437 2799 1483 2854 si
1514 2818 1790 2878 magnam

420 2880 481 2937 in
522 2877 609 2934 his
650 2878 1046 2958 Hermagoras
1086 2873 1377 2945 habuisset
1406 2875 1739 2936 facultatem
1769 2923 1791 2951 ,

417 2956 606 3017 studio
643 2957 707 3015 &
744 2956 1032 3037 disciplina
1071 2975 1466 3038 comparatam
1498 3003 1515 3031 ‚
1551 2960 1787 3016 videre-

416 3055 513 3100 tur
557 3037 737 3099 fretus
782 3035 879 3099 sua
923 3036 1157 3098 scientia
1195 3084 1218 3110 ‚
1262 3036 1461 3098 falsum
1511 3036 1787 3116 quiddam

1397 3115 1537 3180 (ἓν

1808 3290 2004 3560 k
