2400 4067
445 479 748 552 Orrrom
862 500 935 576 pr

251 594 609 678 v'erborum3quamquam
619 597 649 657 id
659 598 778 678 quidem
786 594 939 658 finitimum

254 673 297 735 est
307 696 448 752 numero,
464 681 527 759 quia
541 699 595 759 per
605 678 633 739 se
641 679 813 760 plerumque
829 678 942 759 perfec·

252 770 315 815 rum
326 754 387 830 est3
406 761 580 839 compositio
591 776 688 821 autem
703 760 740 818 ab
749 777 873 839 utroque
884 757 941 818 dif-

253 835 329 909 fert,
345 857 409 919 quae
422 854 485 898 tota
498 838 589 900 servir
596 843 729 922 gravitati
743 861 873 912 vocum,
892 854 941 898 aut

254 915 394 978 suavitati.
423 920 495 978 Haec
507 922 592 1002 igitur
610 920 671 981 fero
685 919 770 994 sunt,
790 923 820 979 in
837 919 939 1002 quibus

254 1000 297 1058 rei
309 1013 409 1058 natura
439 1002 572 1061 uaerenda
583 1002 630 1062 sit.

259 1108 264 1114 ·
297 1077 364 1139 LV.
388 1021 453 1141 Effe
477 1100 549 1164 ergo
573 1084 603 1142 in
629 1082 762 1142 oratione
785 1101 940 1140 numerum

256 1159 434 1240 quemdam,
453 1182 513 1221 non
536 1161 577 1222 cst
605 1160 718 1222 difficile
746 1161 939 1244 cognoscere:

254 1235 365 1320 judicat
379 1243 456 1301 enim
473 1241 587 1315 sensus3
610 1245 639 1302 in
656 1264 716 1322 quo
736 1244 865 1324 iniquum
881 1240 939 1313 est,

255 1320 339 1402 quod
353 1322 477 1395 accidit,
497 1344 559 1382 non
571 1321 749 1404 cognoscere
763 1367 772 1394 ‚
787 1326 829 1395 si,
847 1345 897 1383 cur
909 1323 940 1383 id

255 1399 389 1474 accidat,
401 1406 527 1483 reperire
537 1423 575 1463 ne
597 1424 726 1463 neamus.
746 1401 850 1483 Neque
861 1406 941 1464 enim

255 1479 317 1561 ipse
328 1480 426 1542 versus
437 1485 550 1544 ratione
562 1425 603 1544 etii&
613 1486 745 1564 cognitus
756 1528 765 1554 ‚
777 1480 827 1543 sed
841 1483 942 1544 natura

255 1577 344 1642 arque
361 1560 462 1637 sensu,
481 1584 568 1645 quem
584 1562 710 1622 dimensa
729 1565 802 1622 ratio
822 1563 940 1636 docuit,

255 1641 328 1724 quid
340 1644 495 1706 acciderit:
516 1647 555 1706 ita
567 1646 679 1704 notatio
693 1659 821 1716 natum,
839 1644 872 1703 ἃ
884 1647 944 1703 mia
1016 1678 1019 1682 ,

253 1721 423 1785 madversio
440 1727 554 1806 peperit
571 1739 674 1784 artem.
694 1721 752 1783 Sed
767 1724 796 1782 in
809 1724 941 1784 versibus

253 1823 305 1864 res
316 1801 358 1862 est
367 1808 494 1885 apertior
501 1826 511 1878 ;
529 1825 704 1886 quamquam
717 1806 804 1862 eriam
815 1826 831 1862 a
844 1803 941 1864 modis

299 1886 306 1899 '
329 1882 445 1959 usdam,
465 1902 550 1945 cantu
563 1902 699 1958 remoto,
719 1882 810 1944 soluta
824 1883 880 1945 esse
896 1885 942 1944 vis

279 1980 360 2025 eatur
378 1970 495 2038 oratio,
522 1965 706 2046 maximoque
728 1965 758 2025 id
776 1968 806 2024 in
826 1967 942 2047 optimo

297 2065 374 2126 oque
399 2067 502 2109 eorum
528 2050 705 2128 poctarum,
736 2047 783 2124 qui
805 2051 942 2123 λυςικοὶα

290 2128 577 2199 raecisnominanmr3
595 2146 669 2207 quos
679 2146 768 2204 quum
779 2140 861 2182 cantu
875 2121 946 2204 spo·

254 2205 388 2281 flaveris,
407 2208 484 2267 nuda
498 2226 573 2288 pene
584 2220 715 2266 remanet
724 2206 829 2263 orario.
937 2220 940 2225 ·

256 2320 259 2325 ·
301 2285 366 2361 184.
381 2287 518 2366 Quorum
529 2286 630 2344 similia
639 2283 702 2343 sunt
712 2282 843 2362 quaedam
854 2283 942 2343 etiam

253 2367 334 2449 apud
348 2367 480 2433 nostros:
497 2366 579 2429 velut
591 2366 639 2425 illa
652 2367 682 2424 in
694 2361 844 2444 Thyeste:
934 2404 938 2411 -

256 2471 260 2503 ⁵
294 2487 430 2554 Quemnam
441 2504 467 2540 te
478 2487 524 2540 csse
536 2484 631 2538 dicam?
642 2488 682 2554 qui
689 2476 759 2536 ‘tarda
770 2487 794 2536 in
806 2468 940 2545 senestute{

255 2607 291 2669 &
305 2629 368 2689 quae
381 2607 554 2689 sequuntur:
572 2628 655 2690 quae,
670 2606 722 2664 nisi
732 2624 822 2684 quum
830 2604 941 2665 tibicen

253 2692 389 2762 accessit,
402 2692 524 2750 orationi
536 2687 598 2748 sunt
611 2686 710 2748 solutae
720 2684 872 2744 simillima.
897 2683 940 2746 At

251 2770 435 2828 comicorum
454 2768 554 2828 senarii
578 2783 698 2847 propter
724 2765 940 2827 similitudinem

253 2848 393 2907 sermonis
406 2849 445 2905 sic
455 2847 529 2927 faepe
544 2846 607 2904 sunt
620 2843 741 2924 abjeffl,
754 2858 786 2903 ut
795 2864 855 2929 rrorr
894 2912 899 2917 ¹

254 2945 343 3020 quam
360 2927 411 2984 vix
428 2928 458 2985 in
476 2927 518 2986 his
534 2944 673 2985 numerus
689 2924 721 2984 &
735 2920 855 3015 versum.

253 3007 304 3092 bgr
323 3008 436 3091 possit:
459 3009 519 3092 quo
540 3003 581 3067 est
599 3005 638 3068 ad·
656 3000 872 3067 invenimu-
