2400 4067
327 465 402 538 186
448 467 523 534 Du
549 469 881 537 lnrrnrronr

322 603 434 645 merum
449 600 645 666 reponantur3
659 581 691 642 &
703 603 766 664 quae
779 579 841 663 jam
856 582 909 643 diu
921 581 1014 668 gesta,

324 665 357 726 &
376 687 393 724 a
413 667 556 728 memoria
575 660 672 725 nostra
692 680 828 737 remota,
849 679 955 727 tamen
974 666 1016 728 fa·

321 746 398 809 ciant
410 745 500 809 fidem
510 794 520 821 ‚
529 747 602 808 vere
614 745 717 807 tradita
728 741 802 819 effe,
815 746 901 828 quod
911 766 1017 809 eorum

291 834 294 839 ’
321 847 512 890 monumenta
534 844 613 889 certa
637 828 666 887 in
687 826 788 887 litteris
811 824 956 902 exstent3
983 829 1016 891 δι

322 930 386 992 quae
406 931 499 992 nuper
519 907 597 994 gesta
615 908 692 980 sint,
708 928 772 990 quae
791 906 864 970 scire
881 908 1017 992 plerique

320 994 433 1072 possint
454 1013 464 1066 ;
486 992 519 1053 &
535 993 607 1052 item
626 1011 689 1070 quae
705 988 810 1050 instent
832 990 862 1050 in
885 991 1017 1073 praesen-

321 1073 381 1146 tia,
403 1073 437 1132 &
455 1095 519 1156 quae
537 1072 663 1134 maxime
682 1069 773 1142 fiant,
795 1069 828 1131 ἃ
849 1092 917 1153 quae
938 1095 1017 1135 con-

320 1151 481 1233 sequantur.
503 1153 538 1214 In
559 1153 662 1233 quibus
685 1149 782 1233 potest
805 1153 1015 1230 considerari,

361 1234 391 1294 id
411 1238 534 1316 ocyus,
558 1235 591 1294 &
616 1232 686 1314 quid
707 1231 793 1294 serius
813 1233 945 1296 futurum
969 1238 1017 1298 sit.

348 1317 449 1378 ritem
472 1316 666 1376 communiter
688 1315 876 1396 intempore
899 1313 974 1398 p'ers
986 1320 1016 1378 i·

321 1397 427 1458 ciendo
441 1397 638 1482 longinquitas
652 1393 715 1475 ejus
728 1393 769 1456 est
780 1339 1015 1459 consideranda:

322 1500 391 1539 narn
410 1478 486 1560 saepe
510 1490 632 1560 oportet
655 1480 820 1539 commetiri
841 1498 910 1539 cum
933 1496 1015 1542 tern-

322 1581 396 1642 pore
408 1563 582 1643 negotium,
598 1561 631 1619 &
644 1559 767 1632 videre,
781 1562 950 1639 potueritne
964 1579 1014 1622 aut

321 1641 491 1724 magnitudo
514 1643 649 1724 negotii,
670 1658 719 1700 aut
739 1639 894 1704 multitudo
915 1662 1016 1705 return

321 1724 352 1784 in
371 1743 409 1783 eo
429 1726 548 1806 transigi
565 1740 710 1802 tempore.
728 1718 942 1783 Consideratur
961 1745 1017 1784 au·

323 1820 385 1864 tem
398 1822 513 1887 tempus
534 1804 572 1864 δι
586 1803 675 1876 anni,
688 1803 722 1863 &
738 1806 868 1877 mensis,
887 1803 923 1865 &
937 1804 1016 1880 diei,

324 1885 359 1946 &
375 1884 484 1960 nodis,
505 1885 537 1944 &
555 1883 682 1967 vigiliae,
703 1884 735 1943 &
747 1883 852 1960 horae,
871 1885 903 1946 &
917 1887 948 1949 in
963 1887 1017 1949 ali-

322 1987 379 2050 qua
397 1983 480 2046 parte
501 1962 621 2044 alicujus
639 1964 755 2024 horum.

365 2045 466 2111 XXV
476 2045 519 2107 11.
540 2045 670 2108 Occasio
685 2064 782 2107 autem
798 2044 840 2107 est
857 2068 924 2128 pars
937 2065 1016 2110 tem·

322 2131 424 2210 poris,
441 2128 551 2190 habens
567 2130 596 2188 in
616 2126 645 2187 se
666 2125 786 2207 alicujus
808 2129 851 2188 rei
872 2127 1014 2192 idoneam

322 2210 467 2283 faciendi,
480 2228 529 2270 aut
540 2231 601 2270 non
612 2208 735 2269 faciendi
750 2213 1014 2288 opportunitatem.

323 2291 426 2371 Quare
438 2314 505 2352 curn
522 2309 657 2374 tempore
675 2291 732 2352 hoc
751 2287 864 2351 differt:
879 2314 948 2352 nam
961 2315 1015 2375 ge·

323 2395 394 2437 nere
415 2375 534 2457 quidem
552 2392 706 2454 utrumque
726 2374 805 2433 idern
827 2369 884 2434 ess'e
904 2374 1015 2436 intelli·

344 2459 399 2515 itur
421 2457 552 2517 :verium
578 2458 761 2536 intempore
784 2453 907 2535 spatium
932 2477 1013 2538 quo-

324 2476 486 2599 dammodo
500 2535 680 2608 declaratur,
699 2535 780 2617 quod
798 2538 829 2596 in
842 2538 943 2611 annis,
963 2556 1014 2601 aut

323 2618 354 2676 in
370 2637 469 2691 anno,
491 2635 540 2679 aut
558 2619 588 2676 in
605 2615 699 2698 aliqua
717 2619 783 2677 anni
802 2635 885 2698 parte
902 2615 1015 2700 spetia-

226 2713 228 2717 '
323 2712 370 2756 tur
390 2718 400 2770 3
417 2699 448 2755 in
461 2699 640 2770 occasione,
658 2696 695 2759 ad
713 2698 834 2780 spatium
853 2717 914 2759 tern
937 2704 1014 2777 oris,

323 2777 448 2840 faciendi
464 2779 597 2863 quaedam
618 2782 820 2861 opportunitas
844 2721 1015 2866 inteldigitur

324 2858 484 2940 adjuncta:
504 2880 592 2942 quare
614 2882 704 2942 quum
726 2882 833 2945 genere
852 2861 933 2923 idem
954 2867 1015 2940 sit,

324 2940 357 3004 fit
373 2942 471 3013 aliud,
487 2943 567 3023 quod
583 2962 665 3022 parre
685 2944 831 3016 quadam,
850 2944 882 3003 ὃ(
897 2943 1014 3025 specie,

324 3041 357 3088 ut
380 3024 526 3103 diximus,
546 3021 669 3089 differat.
693 3024 766 3089 Haec
790 3021 964 3089 distribuitur
985 3032 1017 3091 in
