<?xml version="1.0" encoding="UTF-8"?>
<!DOCTYPE html PUBLIC "-//W3C//DTD XHTML 1.0 Transitional//EN"
    "http://www.w3.org/TR/xhtml1/DTD/xhtml1-transitional.dtd">
<html xmlns="http://www.w3.org/1999/xhtml" xml:lang="en" lang="en">
 <head>
  <title>
</title>
<meta http-equiv="Content-Type" content="text/html;charset=utf-8" />
  <meta name='ocr-system' content='tesseract 3.04.00' />
  <meta name='ocr-capabilities' content='ocr_page ocr_carea ocr_par ocr_line ocrx_word'/>
</head>
<body>
  <div class='ocr_page' id='page_1' title='image "./mtulliiciceroni01lallgoog_0089.png"; bbox 0 0 2400 4067; ppageno 0'>
   <div class='ocr_carea' id='block_1_1' title="bbox 606 687 1857 779">
    <p class='ocr_par' dir='ltr' id='par_1_1' title="bbox 606 687 1857 779">
     <span class='ocr_line' id='line_1_1' title="bbox 606 687 1857 779; baseline 0 -21"><span class='ocrx_word' id='word_1_1' title='bbox 606 708 728 758; x_wconf 79' lang='lat' dir='ltr'>AD</span> <span class='ocrx_word' id='word_1_2' title='bbox 786 687 1313 756; x_wconf 74' lang='lat' dir='ltr'><em>HERENNIUM</em></span> <span class='ocrx_word' id='word_1_3' title='bbox 1363 687 1441 756; x_wconf 89' lang='lat' dir='ltr'>L.</span> <span class='ocrx_word' id='word_1_4' title='bbox 1495 687 1660 757; x_wconf 89' lang='lat' dir='ltr'><em>III.</em></span> <span class='ocrx_word' id='word_1_5' title='bbox 1760 687 1857 779; x_wconf 80' lang='lat'>65</span> 
     </span>
    </p>
   </div>
   <div class='ocr_carea' id='block_1_2' title="bbox 501 806 1893 3196">
    <p class='ocr_par' dir='ltr' id='par_1_2' title="bbox 501 806 1886 2044">
     <span class='ocr_line' id='line_1_2' title="bbox 501 806 1863 876; baseline -0.004 -16"><span class='ocrx_word' id='word_1_6' title='bbox 501 812 746 860; x_wconf 85' lang='lat' dir='ltr'>rationem</span> <span class='ocrx_word' id='word_1_7' title='bbox 774 810 822 859; x_wconf 89' lang='lat' dir='ltr'>in</span> <span class='ocrx_word' id='word_1_8' title='bbox 844 807 1132 876; x_wconf 85' lang='lat' dir='ltr'>disponendo</span> <span class='ocrx_word' id='word_1_9' title='bbox 1161 809 1340 856; x_wconf 77' lang='lat' dir='ltr'>habere</span> <span class='ocrx_word' id='word_1_10' title='bbox 1364 808 1637 856; x_wconf 81' lang='lat' dir='ltr'>conveniat.</span> <span class='ocrx_word' id='word_1_11' title='bbox 1667 806 1863 858; x_wconf 77' lang='lat' dir='ltr'>Genera</span> 
     </span>
     <span class='ocr_line' id='line_1_3' title="bbox 507 880 1864 949; baseline -0.004 -17"><span class='ocrx_word' id='word_1_12' title='bbox 507 882 829 949; x_wconf 80' lang='lat' dir='ltr'>dispositionis</span> <span class='ocrx_word' id='word_1_13' title='bbox 861 883 964 932; x_wconf 90' lang='lat' dir='ltr'>sunt</span> <span class='ocrx_word' id='word_1_14' title='bbox 987 882 1083 931; x_wconf 91' lang='lat' dir='ltr'>duo</span> <span class='ocrx_word' id='word_1_15' title='bbox 1120 896 1134 931; x_wconf 69' lang='grc' dir='ltr'><strong><em>ε</em></strong></span> <span class='ocrx_word' id='word_1_16' title='bbox 1170 897 1316 929; x_wconf 89' lang='lat' dir='ltr'>unum</span> <span class='ocrx_word' id='word_1_17' title='bbox 1343 881 1402 929; x_wconf 90' lang='lat' dir='ltr'>ab</span> <span class='ocrx_word' id='word_1_18' title='bbox 1432 880 1720 929; x_wconf 78' lang='lat' dir='ltr'>institutione</span> <span class='ocrx_word' id='word_1_19' title='bbox 1752 881 1864 929; x_wconf 89' lang='lat' dir='ltr'>artis</span> 
     </span>
     <span class='ocr_line' id='line_1_4' title="bbox 507 953 1867 1022; baseline -0.004 -16"><span class='ocrx_word' id='word_1_20' title='bbox 507 956 776 1022; x_wconf 62' lang='lat' dir='ltr'>profestum</span> <span class='ocrx_word' id='word_1_21' title='bbox 800 972 813 1007; x_wconf 78' lang='lat' dir='ltr'><strong><em>z</em></strong></span> <span class='ocrx_word' id='word_1_22' title='bbox 842 957 1045 1005; x_wconf 87' lang='lat' dir='ltr'>alterum</span> <span class='ocrx_word' id='word_1_23' title='bbox 1066 953 1125 1003; x_wconf 84' lang='lat' dir='ltr'>ad</span> <span class='ocrx_word' id='word_1_24' title='bbox 1152 953 1309 1002; x_wconf 87' lang='lat' dir='ltr'>casum</span> <span class='ocrx_word' id='word_1_25' title='bbox 1329 953 1560 1020; x_wconf 87' lang='lat' dir='ltr'>temporis</span> <span class='ocrx_word' id='word_1_26' title='bbox 1592 969 1867 1001; x_wconf 86' lang='lat' dir='ltr'>accommo-</span> 
     </span>
     <span class='ocr_line' id='line_1_5' title="bbox 506 1024 1870 1093; baseline -0.004 -15"><span class='ocrx_word' id='word_1_27' title='bbox 506 1029 688 1079; x_wconf 85' lang='lat' dir='ltr'>datum.</span> <span class='ocrx_word' id='word_1_28' title='bbox 717 1030 789 1079; x_wconf 88' lang='lat' dir='ltr'>Ex</span> <span class='ocrx_word' id='word_1_29' title='bbox 808 1028 1099 1079; x_wconf 81' lang='lat' dir='ltr'>institutione</span> <span class='ocrx_word' id='word_1_30' title='bbox 1125 1026 1239 1077; x_wconf 82' lang='lat' dir='ltr'>artis</span> <span class='ocrx_word' id='word_1_31' title='bbox 1262 1027 1566 1093; x_wconf 82' lang='lat' dir='ltr'>disponemus</span> <span class='ocrx_word' id='word_1_32' title='bbox 1588 1059 1603 1084; x_wconf 89' lang='lat'>‚</span> <span class='ocrx_word' id='word_1_33' title='bbox 1636 1042 1777 1092; x_wconf 85' lang='lat' dir='ltr'>quum</span> <span class='ocrx_word' id='word_1_34' title='bbox 1802 1024 1870 1073; x_wconf 90' lang='lat' dir='ltr'>se·</span> 
     </span>
     <span class='ocr_line' id='line_1_6' title="bbox 505 1097 1873 1170; baseline -0.004 -18"><span class='ocrx_word' id='word_1_35' title='bbox 505 1119 710 1170; x_wconf 90' lang='lat' dir='ltr'>quemur</span> <span class='ocrx_word' id='word_1_36' title='bbox 743 1118 847 1152; x_wconf 85' lang='lat' dir='ltr'>eam</span> <span class='ocrx_word' id='word_1_37' title='bbox 867 1101 1280 1169; x_wconf 83' lang='lat' dir='ltr'>praeceptionem,</span> <span class='ocrx_word' id='word_1_38' title='bbox 1317 1117 1456 1167; x_wconf 80' lang='lat' dir='ltr'>quam</span> <span class='ocrx_word' id='word_1_39' title='bbox 1478 1100 1527 1148; x_wconf 90' lang='lat' dir='ltr'>in</span> <span class='ocrx_word' id='word_1_40' title='bbox 1560 1099 1714 1164; x_wconf 88' lang='lat' dir='ltr'>primo</span> <span class='ocrx_word' id='word_1_41' title='bbox 1749 1097 1873 1147; x_wconf 84' lang='lat' dir='ltr'>libro</span> 
     </span>
     <span class='ocr_line' id='line_1_7' title="bbox 506 1173 1877 1241; baseline -0.004 -16"><span class='ocrx_word' id='word_1_42' title='bbox 506 1176 809 1241; x_wconf 81' lang='lat' dir='ltr'>exposuimus</span> <span class='ocrx_word' id='word_1_43' title='bbox 830 1210 845 1234; x_wconf 91' lang='lat'><strong>,</strong></span> <span class='ocrx_word' id='word_1_44' title='bbox 881 1177 978 1225; x_wconf 89' lang='lat' dir='ltr'>hoc</span> <span class='ocrx_word' id='word_1_45' title='bbox 1000 1173 1066 1224; x_wconf 80' lang='lat' dir='ltr'>est</span> <span class='ocrx_word' id='word_1_46' title='bbox 1085 1207 1100 1232; x_wconf 94' lang='lat'>‚</span> <span class='ocrx_word' id='word_1_47' title='bbox 1134 1185 1186 1223; x_wconf 86' lang='lat' dir='ltr'>ut</span> <span class='ocrx_word' id='word_1_48' title='bbox 1206 1186 1393 1223; x_wconf 86' lang='lat' dir='ltr'>utamur</span> <span class='ocrx_word' id='word_1_49' title='bbox 1413 1173 1645 1239; x_wconf 83' lang='lat' dir='ltr'>principio</span> <span class='ocrx_word' id='word_1_50' title='bbox 1664 1207 1680 1232; x_wconf 88' lang='lat'><strong>,</strong></span> <span class='ocrx_word' id='word_1_51' title='bbox 1715 1188 1877 1221; x_wconf 86' lang='lat' dir='ltr'>narra·</span> 
     </span>
     <span class='ocr_line' id='line_1_8' title="bbox 507 1244 1873 1308; baseline -0.004 -9"><span class='ocrx_word' id='word_1_52' title='bbox 507 1247 646 1299; x_wconf 86' lang='lat' dir='ltr'>tione</span> <span class='ocrx_word' id='word_1_53' title='bbox 673 1282 688 1307; x_wconf 91' lang='lat'>,</span> <span class='ocrx_word' id='word_1_54' title='bbox 731 1248 969 1299; x_wconf 88' lang='lat' dir='ltr'>divisione</span> <span class='ocrx_word' id='word_1_55' title='bbox 994 1282 1007 1308; x_wconf 92' lang='lat'><strong>,</strong></span> <span class='ocrx_word' id='word_1_56' title='bbox 1053 1244 1413 1298; x_wconf 82' lang='lat' dir='ltr'>confirmatione</span> <span class='ocrx_word' id='word_1_57' title='bbox 1435 1280 1455 1304; x_wconf 86' lang='lat'><em>,</em></span> <span class='ocrx_word' id='word_1_58' title='bbox 1496 1245 1830 1296; x_wconf 82' lang='lat' dir='ltr'>confutatione</span> <span class='ocrx_word' id='word_1_59' title='bbox 1856 1278 1873 1304; x_wconf 86' lang='lat'>,</span> 
     </span>
     <span class='ocr_line' id='line_1_9' title="bbox 511 1319 1881 1386; baseline -0.004 -14"><span class='ocrx_word' id='word_1_60' title='bbox 511 1322 830 1372; x_wconf 84' lang='lat' dir='ltr'>conclusione</span> <span class='ocrx_word' id='word_1_61' title='bbox 865 1337 882 1371; x_wconf 72' lang='grc' dir='ltr'><em>τ</em></span> <span class='ocrx_word' id='word_1_62' title='bbox 925 1322 975 1373; x_wconf 78' lang='grc' dir='ltr'>δι</span> <span class='ocrx_word' id='word_1_63' title='bbox 1012 1322 1138 1371; x_wconf 85' lang='lat' dir='ltr'>hunc</span> <span class='ocrx_word' id='word_1_64' title='bbox 1174 1320 1392 1370; x_wconf 87' lang='lat' dir='ltr'>ordinem</span> <span class='ocrx_word' id='word_1_65' title='bbox 1417 1356 1432 1380; x_wconf 86' lang='lat'><strong>,</strong></span> <span class='ocrx_word' id='word_1_66' title='bbox 1479 1319 1881 1386; x_wconf 85' lang='lat' dir='ltr'>quemadmodum</span> 
     </span>
     <span class='ocr_line' id='line_1_10' title="bbox 511 1393 1879 1462; baseline -0.003 -17"><span class='ocrx_word' id='word_1_67' title='bbox 511 1407 810 1462; x_wconf 69' lang='lat' dir='ltr'>praeceptum</span> <span class='ocrx_word' id='word_1_68' title='bbox 843 1395 910 1445; x_wconf 86' lang='lat' dir='ltr'>est</span> <span class='ocrx_word' id='word_1_69' title='bbox 940 1393 1049 1444; x_wconf 73' lang='lat' dir='ltr'>ante</span> <span class='ocrx_word' id='word_1_70' title='bbox 1074 1428 1088 1455; x_wconf 91' lang='lat'>‚</span> <span class='ocrx_word' id='word_1_71' title='bbox 1128 1394 1176 1443; x_wconf 89' lang='lat' dir='ltr'>in</span> <span class='ocrx_word' id='word_1_72' title='bbox 1206 1394 1414 1443; x_wconf 86' lang='lat' dir='ltr'>dicendo</span> <span class='ocrx_word' id='word_1_73' title='bbox 1445 1393 1715 1460; x_wconf 87' lang='lat' dir='ltr'>sequemur.</span> <span class='ocrx_word' id='word_1_74' title='bbox 1754 1394 1879 1443; x_wconf 81' lang='lat' dir='ltr'>Item</span> 
     </span>
     <span class='ocr_line' id='line_1_11' title="bbox 514 1464 1881 1532; baseline -0.001 -14"><span class='ocrx_word' id='word_1_75' title='bbox 514 1486 577 1518; x_wconf 83' lang='lat' dir='ltr'>ex</span> <span class='ocrx_word' id='word_1_76' title='bbox 609 1469 904 1519; x_wconf 83' lang='lat' dir='ltr'>institutione</span> <span class='ocrx_word' id='word_1_77' title='bbox 935 1469 1046 1518; x_wconf 87' lang='lat' dir='ltr'>artis</span> <span class='ocrx_word' id='word_1_78' title='bbox 1070 1502 1084 1527; x_wconf 90' lang='lat'>‚</span> <span class='ocrx_word' id='word_1_79' title='bbox 1123 1484 1221 1517; x_wconf 89' lang='lat' dir='ltr'>non</span> <span class='ocrx_word' id='word_1_80' title='bbox 1254 1464 1400 1516; x_wconf 75' lang='lat' dir='ltr'>modo</span> <span class='ocrx_word' id='word_1_81' title='bbox 1430 1480 1559 1517; x_wconf 87' lang='lat' dir='ltr'>totas</span> <span class='ocrx_word' id='word_1_82' title='bbox 1597 1466 1758 1516; x_wconf 82' lang='lat' dir='ltr'>causas</span> <span class='ocrx_word' id='word_1_83' title='bbox 1791 1482 1881 1532; x_wconf 68' lang='lat' dir='ltr'>per</span> 
     </span>
     <span class='ocr_line' id='line_1_12' title="bbox 516 1540 1883 1606; baseline -0.004 -14"><span class='ocrx_word' id='word_1_84' title='bbox 516 1543 788 1592; x_wconf 86' lang='lat' dir='ltr'>orationem</span> <span class='ocrx_word' id='word_1_85' title='bbox 811 1574 826 1599; x_wconf 92' lang='lat'>,</span> <span class='ocrx_word' id='word_1_86' title='bbox 858 1541 937 1591; x_wconf 92' lang='lat' dir='ltr'>sed</span> <span class='ocrx_word' id='word_1_87' title='bbox 958 1557 1045 1605; x_wconf 86' lang='lat' dir='ltr'>per</span> <span class='ocrx_word' id='word_1_88' title='bbox 1064 1542 1269 1606; x_wconf 78' lang='lat' dir='ltr'>singulas</span> <span class='ocrx_word' id='word_1_89' title='bbox 1292 1550 1486 1605; x_wconf 88' lang='lat' dir='ltr'>qu&#39;oque</span> <span class='ocrx_word' id='word_1_90' title='bbox 1506 1540 1883 1606; x_wconf 73' lang='lat' dir='ltr'>argumentatio-</span> 
     </span>
     <span class='ocr_line' id='line_1_13' title="bbox 520 1611 1883 1680; baseline -0.002 -16"><span class='ocrx_word' id='word_1_91' title='bbox 520 1615 594 1664; x_wconf 86' lang='lat' dir='ltr'>nis</span> <span class='ocrx_word' id='word_1_92' title='bbox 625 1625 787 1680; x_wconf 87' lang='lat' dir='ltr'>partes</span> <span class='ocrx_word' id='word_1_93' title='bbox 817 1613 1114 1678; x_wconf 86' lang='lat' dir='ltr'>disponemus</span> <span class='ocrx_word' id='word_1_94' title='bbox 1140 1645 1155 1669; x_wconf 91' lang='lat'><strong>,</strong></span> <span class='ocrx_word' id='word_1_95' title='bbox 1178 1613 1572 1677; x_wconf 83' lang='lat' dir='ltr'>quemadmodum</span> <span class='ocrx_word' id='word_1_96' title='bbox 1598 1613 1646 1660; x_wconf 91' lang='lat' dir='ltr'>in</span> <span class='ocrx_word' id='word_1_97' title='bbox 1677 1611 1883 1662; x_wconf 80' lang='lat' dir='ltr'>secundo</span> 
     </span>
     <span class='ocr_line' id='line_1_14' title="bbox 520 1683 1882 1749; baseline -0.003 -13"><span class='ocrx_word' id='word_1_98' title='bbox 520 1688 648 1736; x_wconf 84' lang='lat' dir='ltr'>libro</span> <span class='ocrx_word' id='word_1_99' title='bbox 678 1686 925 1736; x_wconf 85' lang='lat' dir='ltr'>docuimus</span> <span class='ocrx_word' id='word_1_100' title='bbox 949 1718 963 1743; x_wconf 90' lang='lat'>‚</span> <span class='ocrx_word' id='word_1_101' title='bbox 995 1685 1042 1733; x_wconf 90' lang='lat' dir='ltr'>id</span> <span class='ocrx_word' id='word_1_102' title='bbox 1062 1683 1127 1733; x_wconf 84' lang='lat' dir='ltr'>est</span> <span class='ocrx_word' id='word_1_103' title='bbox 1146 1717 1160 1742; x_wconf 91' lang='lat'>,</span> <span class='ocrx_word' id='word_1_104' title='bbox 1193 1683 1543 1749; x_wconf 78' lang='lat' dir='ltr'>expositionem</span> <span class='ocrx_word' id='word_1_105' title='bbox 1563 1717 1579 1739; x_wconf 90' lang='lat'><strong>,</strong></span> <span class='ocrx_word' id='word_1_106' title='bbox 1609 1684 1843 1733; x_wconf 83' lang='lat' dir='ltr'>rationem</span> <span class='ocrx_word' id='word_1_107' title='bbox 1867 1717 1882 1742; x_wconf 92' lang='lat'>,</span> 
     </span>
     <span class='ocr_line' id='line_1_15' title="bbox 522 1757 1884 1823; baseline -0.002 -14"><span class='ocrx_word' id='word_1_108' title='bbox 522 1759 935 1810; x_wconf 87' lang='lat' dir='ltr'>confirmationem</span> <span class='ocrx_word' id='word_1_109' title='bbox 956 1757 1151 1806; x_wconf 88' lang='lat' dir='ltr'>rationis</span> <span class='ocrx_word' id='word_1_110' title='bbox 1175 1790 1190 1815; x_wconf 93' lang='lat'>,</span> <span class='ocrx_word' id='word_1_111' title='bbox 1228 1757 1589 1807; x_wconf 84' lang='lat' dir='ltr'>exornationem</span> <span class='ocrx_word' id='word_1_112' title='bbox 1615 1791 1629 1815; x_wconf 93' lang='lat'>,</span> <span class='ocrx_word' id='word_1_113' title='bbox 1669 1759 1884 1823; x_wconf 69' lang='lat' dir='ltr'>comple·-</span> 
     </span>
     <span class='ocr_line' id='line_1_16' title="bbox 517 1828 1886 1899; baseline -0.004 -16"><span class='ocrx_word' id='word_1_114' title='bbox 517 1833 733 1884; x_wconf 74' lang='lat' dir='ltr'>&#39;xionem.</span> <span class='ocrx_word' id='word_1_115' title='bbox 759 1832 883 1882; x_wconf 84' lang='lat' dir='ltr'>Haec</span> <span class='ocrx_word' id='word_1_116' title='bbox 903 1832 1047 1899; x_wconf 86' lang='lat' dir='ltr'>igitur</span> <span class='ocrx_word' id='word_1_117' title='bbox 1068 1831 1245 1896; x_wconf 81' lang='lat' dir='ltr'>duplex</span> <span class='ocrx_word' id='word_1_118' title='bbox 1269 1829 1518 1895; x_wconf 86' lang='lat' dir='ltr'>dispositio</span> <span class='ocrx_word' id='word_1_119' title='bbox 1542 1828 1605 1879; x_wconf 85' lang='lat' dir='ltr'>est</span> <span class='ocrx_word' id='word_1_120' title='bbox 1630 1847 1645 1889; x_wconf 79' lang='lat'>3</span> <span class='ocrx_word' id='word_1_121' title='bbox 1684 1848 1773 1878; x_wconf 87' lang='lat' dir='ltr'>una</span> <span class='ocrx_word' id='word_1_122' title='bbox 1797 1846 1886 1893; x_wconf 81' lang='lat' dir='ltr'>pet</span> 
     </span>
     <span class='ocr_line' id='line_1_17' title="bbox 518 1901 1885 1972; baseline -0.003 -16"><span class='ocrx_word' id='word_1_123' title='bbox 518 1906 767 1956; x_wconf 89' lang='lat' dir='ltr'>orationes</span> <span class='ocrx_word' id='word_1_124' title='bbox 792 1939 806 1965; x_wconf 88' lang='lat'>‚</span> <span class='ocrx_word' id='word_1_125' title='bbox 842 1907 992 1955; x_wconf 85' lang='lat' dir='ltr'>altera</span> <span class='ocrx_word' id='word_1_126' title='bbox 1014 1921 1100 1970; x_wconf 86' lang='lat' dir='ltr'>per</span> <span class='ocrx_word' id='word_1_127' title='bbox 1122 1903 1559 1972; x_wconf 77' lang='lat' dir='ltr'>argumentationes</span> <span class='ocrx_word' id='word_1_128' title='bbox 1580 1937 1594 1963; x_wconf 89' lang='lat'>,</span> <span class='ocrx_word' id='word_1_129' title='bbox 1627 1904 1686 1952; x_wconf 82' lang='lat' dir='ltr'>ab</span> <span class='ocrx_word' id='word_1_130' title='bbox 1707 1901 1885 1952; x_wconf 75' lang='lat' dir='ltr'>institu-</span> 
     </span>
     <span class='ocr_line' id='line_1_18' title="bbox 517 1978 1053 2044; baseline -0.002 -15"><span class='ocrx_word' id='word_1_131' title='bbox 517 1980 655 2031; x_wconf 88' lang='lat' dir='ltr'>tione</span> <span class='ocrx_word' id='word_1_132' title='bbox 682 1980 795 2029; x_wconf 86' lang='lat' dir='ltr'>artis</span> <span class='ocrx_word' id='word_1_133' title='bbox 821 1978 1053 2044; x_wconf 59' lang='lat' dir='ltr'>profebia.</span> 
     </span>
    </p>

    <p class='ocr_par' dir='ltr' id='par_1_3' title="bbox 517 2050 1893 3196">
     <span class='ocr_line' id='line_1_19' title="bbox 598 2050 1881 2119; baseline -0.002 -16"><span class='ocrx_word' id='word_1_134' title='bbox 598 2067 618 2103; x_wconf 88' lang='lat'>1</span> <span class='ocrx_word' id='word_1_135' title='bbox 633 2070 680 2112; x_wconf 86' lang='lat'>7.</span> <span class='ocrx_word' id='word_1_136' title='bbox 706 2052 783 2102; x_wconf 85' lang='lat' dir='ltr'>Est</span> <span class='ocrx_word' id='word_1_137' title='bbox 804 2068 962 2102; x_wconf 79' lang='lat' dir='ltr'>autem</span> <span class='ocrx_word' id='word_1_138' title='bbox 985 2052 1035 2102; x_wconf 75' lang='grc' dir='ltr'>δ(</span> <span class='ocrx_word' id='word_1_139' title='bbox 1057 2050 1144 2100; x_wconf 83' lang='lat' dir='ltr'>alia</span> <span class='ocrx_word' id='word_1_140' title='bbox 1170 2050 1419 2117; x_wconf 87' lang='lat' dir='ltr'>dispositio</span> <span class='ocrx_word' id='word_1_141' title='bbox 1438 2084 1453 2111; x_wconf 89' lang='lat'>,</span> <span class='ocrx_word' id='word_1_142' title='bbox 1485 2069 1589 2118; x_wconf 84' lang='lat' dir='ltr'>quae</span> <span class='ocrx_word' id='word_1_143' title='bbox 1611 2086 1625 2111; x_wconf 89' lang='lat'>‚</span> <span class='ocrx_word' id='word_1_144' title='bbox 1659 2069 1801 2119; x_wconf 90' lang='lat' dir='ltr'>quum</span> <span class='ocrx_word' id='word_1_145' title='bbox 1822 2052 1881 2101; x_wconf 74' lang='lat' dir='ltr'>ab</span> 
     </span>
     <span class='ocr_line' id='line_1_20' title="bbox 518 2124 1883 2193; baseline -0.001 -17"><span class='ocrx_word' id='word_1_146' title='bbox 518 2127 687 2176; x_wconf 86' lang='lat' dir='ltr'>ordine</span> <span class='ocrx_word' id='word_1_147' title='bbox 709 2124 964 2176; x_wconf 84' lang='lat' dir='ltr'>artificioso</span> <span class='ocrx_word' id='word_1_148' title='bbox 985 2125 1310 2176; x_wconf 81' lang='lat' dir='ltr'>recedendum</span> <span class='ocrx_word' id='word_1_149' title='bbox 1333 2125 1396 2175; x_wconf 81' lang='lat' dir='ltr'>est</span> <span class='ocrx_word' id='word_1_150' title='bbox 1417 2159 1431 2184; x_wconf 90' lang='lat'>‚</span> <span class='ocrx_word' id='word_1_151' title='bbox 1467 2125 1671 2175; x_wconf 87' lang='lat' dir='ltr'>oratoris</span> <span class='ocrx_word' id='word_1_152' title='bbox 1701 2125 1883 2193; x_wconf 74' lang='lat' dir='ltr'>judicio</span> 
     </span>
     <span class='ocr_line' id='line_1_21' title="bbox 519 2199 1881 2266; baseline -0.001 -17"><span class='ocrx_word' id='word_1_153' title='bbox 519 2201 580 2249; x_wconf 86' lang='lat' dir='ltr'>ad</span> <span class='ocrx_word' id='word_1_154' title='bbox 608 2211 796 2266; x_wconf 88' lang='lat' dir='ltr'>tempus</span> <span class='ocrx_word' id='word_1_155' title='bbox 826 2199 1262 2250; x_wconf 83' lang='lat' dir='ltr'>accommodatur:</span> <span class='ocrx_word' id='word_1_156' title='bbox 1287 2211 1343 2249; x_wconf 91' lang='lat' dir='ltr'>ut</span> <span class='ocrx_word' id='word_1_157' title='bbox 1374 2200 1414 2249; x_wconf 89' lang='lat' dir='ltr'>si</span> <span class='ocrx_word' id='word_1_158' title='bbox 1444 2217 1470 2248; x_wconf 87' lang='lat' dir='ltr'>a</span> <span class='ocrx_word' id='word_1_159' title='bbox 1503 2200 1774 2249; x_wconf 85' lang='lat' dir='ltr'>narratione</span> <span class='ocrx_word' id='word_1_160' title='bbox 1807 2200 1881 2248; x_wconf 87' lang='lat' dir='ltr'>di-</span> 
     </span>
     <span class='ocr_line' id='line_1_22' title="bbox 519 2271 1884 2364; baseline -0.004 -39"><span class='ocrx_word' id='word_1_161' title='bbox 519 2290 632 2326; x_wconf 81' lang='lat' dir='ltr'>cere</span> <span class='ocrx_word' id='word_1_162' title='bbox 653 2274 927 2343; x_wconf 85' lang='lat' dir='ltr'>incipiamus</span> <span class='ocrx_word' id='word_1_163' title='bbox 953 2307 968 2338; x_wconf 89' lang='lat'>,</span> <span class='ocrx_word' id='word_1_164' title='bbox 991 2286 1073 2323; x_wconf 85' lang='lat' dir='ltr'>aut</span> <span class='ocrx_word' id='word_1_165' title='bbox 1094 2274 1151 2322; x_wconf 86' lang='lat' dir='ltr'>ab</span> <span class='ocrx_word' id='word_1_166' title='bbox 1174 2274 1324 2345; x_wconf 72' lang='lat' dir='ltr'>aiiqua</span> <span class='ocrx_word' id='word_1_167' title='bbox 1347 2271 1608 2322; x_wconf 83' lang='lat' dir='ltr'>firmissima</span> <span class='ocrx_word' id='word_1_168' title='bbox 1632 2289 1884 2364; x_wconf 63' lang='lat' dir='ltr'>argumen-</span> 
     </span>
     <span class='ocr_line' id='line_1_23' title="bbox 517 2344 1881 2417; baseline 0.002 -19"><span class='ocrx_word' id='word_1_169' title='bbox 517 2348 703 2399; x_wconf 82' lang='lat' dir='ltr'>tatione</span> <span class='ocrx_word' id='word_1_170' title='bbox 730 2381 745 2406; x_wconf 86' lang='lat'><strong>‚</strong></span> <span class='ocrx_word' id='word_1_171' title='bbox 787 2363 871 2399; x_wconf 79' lang='lat' dir='ltr'>aut</span> <span class='ocrx_word' id='word_1_172' title='bbox 898 2368 925 2400; x_wconf 78' lang='lat' dir='ltr'>a</span> <span class='ocrx_word' id='word_1_173' title='bbox 959 2350 1223 2401; x_wconf 80' lang='lat' dir='ltr'>litterarum</span> <span class='ocrx_word' id='word_1_174' title='bbox 1256 2350 1517 2417; x_wconf 78' lang='lat' dir='ltr'>aliquarum</span> <span class='ocrx_word' id='word_1_175' title='bbox 1550 2344 1881 2403; x_wconf 69' lang='lat' dir='ltr'>recitatione·</span> 
     </span>
     <span class='ocr_line' id='line_1_24' title="bbox 520 2420 1889 2487; baseline 0.002 -18"><span class='ocrx_word' id='word_1_176' title='bbox 520 2433 607 2469; x_wconf 76' lang='lat' dir='ltr'>aut</span> <span class='ocrx_word' id='word_1_177' title='bbox 627 2423 667 2470; x_wconf 92' lang='lat' dir='ltr'>si</span> <span class='ocrx_word' id='word_1_178' title='bbox 696 2420 948 2471; x_wconf 87' lang='lat' dir='ltr'>secundum</span> <span class='ocrx_word' id='word_1_179' title='bbox 969 2424 1249 2487; x_wconf 79' lang='lat' dir='ltr'>principium</span> <span class='ocrx_word' id='word_1_180' title='bbox 1270 2422 1634 2473; x_wconf 84' lang='lat' dir='ltr'>confirmatione</span> <span class='ocrx_word' id='word_1_181' title='bbox 1664 2436 1889 2482; x_wconf 82' lang='lat' dir='ltr'>utamur,</span> 
     </span>
     <span class='ocr_line' id='line_1_25' title="bbox 523 2492 1888 2559; baseline 0.003 -19"><span class='ocrx_word' id='word_1_182' title='bbox 523 2492 700 2540; x_wconf 77' lang='lat' dir='ltr'>deinde</span> <span class='ocrx_word' id='word_1_183' title='bbox 732 2493 1007 2540; x_wconf 87' lang='lat' dir='ltr'>narratione</span> <span class='ocrx_word' id='word_1_184' title='bbox 1034 2509 1050 2541; x_wconf 69' lang='grc' dir='ltr'>ε</span> <span class='ocrx_word' id='word_1_185' title='bbox 1079 2503 1160 2540; x_wconf 84' lang='lat' dir='ltr'>aut</span> <span class='ocrx_word' id='word_1_186' title='bbox 1185 2523 1203 2548; x_wconf 84' lang='lat'><strong>‚</strong></span> <span class='ocrx_word' id='word_1_187' title='bbox 1234 2492 1273 2541; x_wconf 83' lang='lat' dir='ltr'>si</span> <span class='ocrx_word' id='word_1_188' title='bbox 1302 2510 1443 2557; x_wconf 81' lang='lat' dir='ltr'>quam</span> <span class='ocrx_word' id='word_1_189' title='bbox 1472 2494 1741 2557; x_wconf 69' lang='lat' dir='ltr'>hujusmodi</span> <span class='ocrx_word' id='word_1_190' title='bbox 1772 2512 1888 2559; x_wconf 83' lang='lat' dir='ltr'>per-</span> 
     </span>
     <span class='ocr_line' id='line_1_26' title="bbox 522 2561 1889 2627; baseline 0.001 -15"><span class='ocrx_word' id='word_1_191' title='bbox 522 2564 838 2613; x_wconf 81' lang='lat' dir='ltr'>mutationem</span> <span class='ocrx_word' id='word_1_192' title='bbox 872 2562 1050 2611; x_wconf 82' lang='lat' dir='ltr'>ordinis</span> <span class='ocrx_word' id='word_1_193' title='bbox 1077 2561 1305 2611; x_wconf 81' lang='lat' dir='ltr'>saciamus</span> <span class='ocrx_word' id='word_1_194' title='bbox 1330 2578 1345 2612; x_wconf 72' lang='grc' dir='ltr'><strong>ι</strong></span> <span class='ocrx_word' id='word_1_195' title='bbox 1370 2578 1577 2627; x_wconf 82' lang='lat' dir='ltr'>quorum</span> <span class='ocrx_word' id='word_1_196' title='bbox 1604 2565 1723 2613; x_wconf 81' lang='lat' dir='ltr'>nihil</span> <span class='ocrx_word' id='word_1_197' title='bbox 1744 2594 1763 2621; x_wconf 83' lang='lat'><strong>,</strong></span> <span class='ocrx_word' id='word_1_198' title='bbox 1796 2566 1889 2613; x_wconf 75' lang='lat' dir='ltr'>nisi</span> 
     </span>
     <span class='ocr_line' id='line_1_27' title="bbox 520 2633 1893 2702; baseline 0 -16"><span class='ocrx_word' id='word_1_199' title='bbox 520 2636 660 2686; x_wconf 78' lang='lat' dir='ltr'>causa</span> <span class='ocrx_word' id='word_1_200' title='bbox 688 2635 897 2702; x_wconf 81' lang='lat' dir='ltr'>postulet</span> <span class='ocrx_word' id='word_1_201' title='bbox 916 2669 930 2693; x_wconf 91' lang='lat'>,</span> <span class='ocrx_word' id='word_1_202' title='bbox 963 2633 1068 2685; x_wconf 82' lang='lat' dir='ltr'>fieri</span> <span class='ocrx_word' id='word_1_203' title='bbox 1098 2634 1363 2700; x_wconf 83' lang='lat' dir='ltr'>oportebit.</span> <span class='ocrx_word' id='word_1_204' title='bbox 1396 2634 1521 2683; x_wconf 87' lang='lat' dir='ltr'>Nam</span> <span class='ocrx_word' id='word_1_205' title='bbox 1552 2633 1593 2685; x_wconf 86' lang='lat' dir='ltr'>si</span> <span class='ocrx_word' id='word_1_206' title='bbox 1624 2636 1893 2685; x_wconf 74' lang='lat' dir='ltr'>vehemen-</span> 
     </span>
     <span class='ocr_line' id='line_1_28' title="bbox 519 2706 1892 2772; baseline 0.001 -13"><span class='ocrx_word' id='word_1_207' title='bbox 519 2724 599 2760; x_wconf 86' lang='lat' dir='ltr'>ter</span> <span class='ocrx_word' id='word_1_208' title='bbox 636 2727 775 2760; x_wconf 87' lang='lat' dir='ltr'>aures</span> <span class='ocrx_word' id='word_1_209' title='bbox 814 2710 1088 2759; x_wconf 89' lang='lat' dir='ltr'>auditorum</span> <span class='ocrx_word' id='word_1_210' title='bbox 1134 2706 1316 2757; x_wconf 79' lang='lat' dir='ltr'>obtusae</span> <span class='ocrx_word' id='word_1_211' title='bbox 1347 2707 1643 2760; x_wconf 62' lang='lat' dir='ltr'>*ridebuntur</span> <span class='ocrx_word' id='word_1_212' title='bbox 1699 2753 1701 2756; x_wconf 25' lang='lat'><em>⁴</em></span> <span class='ocrx_word' id='word_1_213' title='bbox 1735 2714 1892 2772; x_wconf 61' lang='lat' dir='ltr'>‘arque</span> 
     </span>
     <span class='ocr_line' id='line_1_29' title="bbox 520 2776 1884 2849; baseline -0.004 -17"><span class='ocrx_word' id='word_1_214' title='bbox 520 2783 662 2832; x_wconf 81' lang='lat' dir='ltr'>animi</span> <span class='ocrx_word' id='word_1_215' title='bbox 698 2782 946 2849; x_wconf 84' lang='lat' dir='ltr'>defatigati</span> <span class='ocrx_word' id='word_1_216' title='bbox 975 2782 1035 2830; x_wconf 88' lang='lat' dir='ltr'>ab</span> <span class='ocrx_word' id='word_1_217' title='bbox 1067 2780 1343 2831; x_wconf 83' lang='lat' dir='ltr'>adversariis</span> <span class='ocrx_word' id='word_1_218' title='bbox 1375 2776 1654 2838; x_wconf 66' lang='lat' dir='ltr'>multitu-is</span> <span class='ocrx_word' id='word_1_219' title='bbox 1776 2785 1781 2791; x_wconf 84' lang='lat'>&#39;</span> <span class='ocrx_word' id='word_1_220' title='bbox 1841 2794 1884 2807; x_wconf 56' lang='lat'>²⁹</span> 
     </span>
     <span class='ocr_line' id='line_1_30' title="bbox 521 2854 1623 2920; baseline 0.001 -16"><span class='ocrx_word' id='word_1_221' title='bbox 521 2872 628 2904; x_wconf 81' lang='lat' dir='ltr'>rum</span> <span class='ocrx_word' id='word_1_222' title='bbox 650 2887 667 2913; x_wconf 86' lang='lat'>,</span> <span class='ocrx_word' id='word_1_223' title='bbox 697 2854 949 2905; x_wconf 70' lang='lat' dir='ltr'>commode</span> <span class='ocrx_word' id='word_1_224' title='bbox 978 2856 1245 2920; x_wconf 84' lang='lat' dir='ltr'>poterimus</span> <span class='ocrx_word' id='word_1_225' title='bbox 1270 2854 1503 2920; x_wconf 66' lang='lat' dir='ltr'>principio</span> <span class='ocrx_word' id='word_1_226' title='bbox 1535 2856 1623 2908; x_wconf 45' lang='lat' dir='ltr'>su?</span> 
     </span>
     <span class='ocr_line' id='line_1_31' title="bbox 525 2927 1646 2994; baseline -0.002 -17"><span class='ocrx_word' id='word_1_227' title='bbox 525 2928 576 2977; x_wconf 69' lang='grc' dir='ltr'>δι</span> <span class='ocrx_word' id='word_1_228' title='bbox 601 2927 808 2977; x_wconf 81' lang='lat' dir='ltr'>exordiri</span> <span class='ocrx_word' id='word_1_229' title='bbox 834 2928 1017 2976; x_wconf 87' lang='lat' dir='ltr'>causam</span> <span class='ocrx_word' id='word_1_230' title='bbox 1035 2940 1118 2977; x_wconf 85' lang='lat' dir='ltr'>aut</span> <span class='ocrx_word' id='word_1_231' title='bbox 1149 2945 1174 2975; x_wconf 83' lang='lat' dir='ltr'>a</span> <span class='ocrx_word' id='word_1_232' title='bbox 1198 2930 1471 2977; x_wconf 61' lang='lat' dir='ltr'>nat-tatiane</span> <span class='ocrx_word' id='word_1_233' title='bbox 1495 2960 1509 2987; x_wconf 63' lang='grc' dir='ltr'>Ι</span> <span class='ocrx_word' id='word_1_234' title='bbox 1555 2959 1586 2968; x_wconf 20' lang='grc' dir='ltr'>--π</span> <span class='ocrx_word' id='word_1_235' title='bbox 1624 2955 1646 2969; x_wconf 71' lang='lat'>‚,</span> 
     </span>
     <span class='ocr_line' id='line_1_32' title="bbox 524 2999 1677 3066; baseline -0.002 -17"><span class='ocrx_word' id='word_1_236' title='bbox 524 2999 657 3049; x_wconf 79' lang='lat' dir='ltr'>firma</span> <span class='ocrx_word' id='word_1_237' title='bbox 679 3001 1106 3066; x_wconf 84' lang='lat' dir='ltr'>argumentatione.</span> <span class='ocrx_word' id='word_1_238' title='bbox 1127 3000 1351 3057; x_wconf 81' lang='lat' dir='ltr'>Deinde,</span> <span class='ocrx_word' id='word_1_239' title='bbox 1379 3000 1419 3052; x_wconf 69' lang='lat' dir='ltr'>si</span> <span class='ocrx_word' id='word_1_240' title='bbox 1439 3016 1495 3048; x_wconf 72' lang='lat' dir='ltr'>en</span> <span class='ocrx_word' id='word_1_241' title='bbox 1660 3000 1677 3032; x_wconf 84' lang='lat'>·‘</span> 
     </span>
     <span class='ocr_line' id='line_1_33' title="bbox 524 3072 1655 3140; baseline 0.007 -19"><span class='ocrx_word' id='word_1_242' title='bbox 524 3072 632 3138; x_wconf 80' lang='lat' dir='ltr'>quin</span> <span class='ocrx_word' id='word_1_243' title='bbox 663 3088 758 3120; x_wconf 90' lang='lat' dir='ltr'>non</span> <span class='ocrx_word' id='word_1_244' title='bbox 791 3072 970 3139; x_wconf 85' lang='lat' dir='ltr'>semper</span> <span class='ocrx_word' id='word_1_245' title='bbox 1003 3072 1190 3123; x_wconf 85' lang='lat' dir='ltr'>necesse</span> <span class='ocrx_word' id='word_1_246' title='bbox 1220 3072 1286 3123; x_wconf 85' lang='lat' dir='ltr'>est</span> <span class='ocrx_word' id='word_1_247' title='bbox 1305 3106 1321 3132; x_wconf 88' lang='lat'>,</span> <span class='ocrx_word' id='word_1_248' title='bbox 1355 3074 1415 3124; x_wconf 76' lang='lat' dir='ltr'>nd</span> <span class='ocrx_word' id='word_1_249' title='bbox 1443 3072 1575 3140; x_wconf 75' lang='lat' dir='ltr'>pri·</span> <span class='ocrx_word' id='word_1_250' title='bbox 1652 3072 1655 3074; x_wconf 45' lang='grc'><strong><em>’</em></strong></span> 
     </span>
     <span class='ocr_line' id='line_1_34' title="bbox 521 3145 1056 3196; baseline 0 0"><span class='ocrx_word' id='word_1_251' title='bbox 521 3146 636 3196; x_wconf 65' lang='lat' dir='ltr'>tiam</span> <span class='ocrx_word' id='word_1_252' title='bbox 667 3145 845 3194; x_wconf 82' lang='lat' dir='ltr'>reverti</span> <span class='ocrx_word' id='word_1_253' title='bbox 868 3146 1056 3196; x_wconf 85' lang='lat' dir='ltr'>licebit.</span> 
     </span>
    </p>
   </div>
   <div class='ocr_carea' id='block_1_3' title="bbox 596 3217 1476 3289">
    <p class='ocr_par' dir='ltr' id='par_1_4' title="bbox 596 3217 1476 3289">
     <span class='ocr_line' id='line_1_35' title="bbox 596 3217 1476 3289; baseline 0.005 -20"><span class='ocrx_word' id='word_1_254' title='bbox 596 3217 661 3269; x_wconf 85' lang='lat' dir='ltr'>X·</span> <span class='ocrx_word' id='word_1_255' title='bbox 687 3217 736 3270; x_wconf 86' lang='lat' dir='ltr'>si</span> <span class='ocrx_word' id='word_1_256' title='bbox 761 3217 895 3269; x_wconf 79' lang='lat' dir='ltr'>causa</span> <span class='ocrx_word' id='word_1_257' title='bbox 924 3217 1078 3272; x_wconf 82' lang='lat' dir='ltr'>nostra</span> <span class='ocrx_word' id='word_1_258' title='bbox 1107 3235 1323 3289; x_wconf 80' lang='lat' dir='ltr'>magnam</span> <span class='ocrx_word' id='word_1_259' title='bbox 1351 3220 1476 3272; x_wconf 54' lang='lat' dir='ltr'>diffie</span> 
     </span>
    </p>
   </div>
   <div class='ocr_carea' id='block_1_4' title="bbox 1495 2740 2104 3174">
    <p class='ocr_par' dir='ltr' id='par_1_5' title="bbox 1495 2740 2104 3174">
     <span class='ocr_line' id='line_1_36' title="bbox 1596 2740 1740 2798; baseline 0 -11"><span class='ocrx_word' id='word_1_260' title='bbox 1596 2740 1740 2798; x_wconf 95' lang='lat' dir='ltr'>  </span> 
     </span>
     <span class='ocr_line' id='line_1_37' title="bbox 1528 2798 2050 3016; baseline 0 0"><span class='ocrx_word' id='word_1_261' title='bbox 1528 2798 2050 3016; x_wconf 95' lang='lat' dir='ltr'>   </span> 
     </span>
     <span class='ocr_line' id='line_1_38' title="bbox 1495 3016 2104 3174; baseline 0 -136"><span class='ocrx_word' id='word_1_262' title='bbox 1495 3016 2104 3174; x_wconf 95' lang='lat' dir='ltr'>   </span> 
     </span>
    </p>
   </div>
  </div>
 </body>
</html>
