2400 4067
665 498 788 551 AD
839 479 1374 550 HERENNIUM
1424 481 1504 551 L.
1555 479 1663 549 II.
1765 502 1867 576 27

500 599 711 652 satorem
762 600 1034 650 calumniati
1077 599 1372 650 criminatur.
1425 599 1718 654 Communes
1768 603 1870 654 loci

503 673 612 724 sunt
647 691 787 740 quum
822 674 1113 723 accusatoris
1133 706 1150 732 ,
1194 686 1296 722 tum
1329 673 1592 725 defensoris
1616 708 1634 731 ‚
1674 693 1702 724 a
1735 675 1875 725 testi-

503 748 594 797 bus
621 760 790 797 contra
821 746 965 797 testes
987 779 1004 806 ,
1036 762 1064 796 a
1092 745 1425 812 quaestionibus
1457 761 1627 797 contra
1659 748 1876 815 quaestio·

504 837 591 871 nes
613 856 629 881 ,
664 822 723 871 ab
759 820 1053 888 argumentis
1088 831 1257 869 contra
1289 834 1569 888 argumenta
1592 852 1608 878 ,
1649 837 1674 869 a
1712 837 1879 873 rumo-

504 895 638 945 ribus
668 907 838 944 contra
870 909 1109 943 rumores.
1146 892 1192 943 A
1230 894 1424 943 testibus
1457 895 1672 943 dicemus
1707 894 1883 943 secun·

503 968 620 1018 dum
651 968 985 1018 austoritatem
1023 967 1073 1016 &
1108 966 1255 1015 vitam
1293 965 1480 1016 testium
1508 998 1525 1025 ,
1570 968 1622 1017 &
1659 966 1883 1017 constan·

504 1042 623 1091 tiam
653 1040 1051 1091 testimoniorum.
1092 1038 1277 1088 Contra
1301 1038 1445 1090 testes
1469 1073 1484 1098 ,
1521 1041 1636 1090 vitae
1668 1041 1886 1105 turpitu-

505 1114 669 1164 dinem
690 1147 706 1174 ,
742 1113 1116 1164 testimoniorum
1150 1112 1510 1163 inconstantiam
1540 1129 1554 1164 t
1585 1113 1627 1164 si
1660 1126 1745 1163 aut
1776 1112 1886 1164 fieti

507 1203 609 1239 non
642 1186 844 1253 potuiffe
878 1187 1093 1237 dicemus
1118 1221 1134 1245 ,
1175 1199 1259 1237 aut
1287 1204 1385 1237 non
1418 1187 1591 1237 factum
1623 1185 1718 1236 effe
1750 1187 1886 1253 quod

508 1261 714 1320 dicant,
752 1273 837 1310 aut
871 1261 989 1310 scire
1026 1261 1136 1311 illos
1173 1278 1273 1310 non
1304 1259 1514 1327 potuiffe
1537 1294 1553 1320 ,
1591 1272 1675 1309 aut
1707 1259 1885 1326 cupide

510 1333 682 1383 dicere
704 1366 720 1392 ,
762 1335 815 1383 δι
848 1333 1186 1399 argumentari.
1227 1332 1347 1382 Haec
1380 1334 1432 1383 &
1469 1334 1530 1382 ad
1567 1330 1888 1397 improbatio-

514 1421 631 1455 nem
662 1405 715 1453 &
743 1406 804 1454 ad
836 1406 1232 1470 approbationem
1259 1402 1446 1453 testium
1474 1404 1806 1471 pertinebunt.

593 1477 716 1530 Vll.
751 1477 795 1526 A
830 1476 1162 1542 quaestionibus
1196 1475 1410 1526 dicemus
1443 1509 1459 1535 ,
1505 1492 1650 1543 quum
1688 1478 1892 1528 demon·

518 1548 764 1600 strabimus
792 1583 807 1608 ,
852 1549 1060 1616 majores
1094 1548 1279 1599 nostros
1302 1549 1407 1599 veri
1441 1551 1717 1600 inveniendi
1749 1553 1894 1602 caus&

516 1624 777 1674 tormentis
814 1624 867 1675 &
901 1622 1187 1673 cruciatibus
1222 1621 1419 1673 voluisse
1452 1623 1598 1688 quaeri
1623 1656 1638 1681 ,
1682 1624 1735 1675 &
1766 1625 1897 1674 sum·

517 1713 602 1748 mo
634 1696 807 1747 dolore
836 1696 1055 1747 homines
1085 1697 1197 1764 cogi
1218 1730 1233 1755 ,
1266 1709 1321 1747 ut
1350 1696 1582 1763 quidquid
1611 1696 1760 1747 sciant
1782 1730 1797 1757 ,
1826 1697 1900 1748 di·

516 1782 651 1822 cant.
694 1769 758 1820 Et
786 1782 1026 1837 praeterea
1060 1769 1389 1821 confirmatior
1421 1770 1526 1820 haec
1555 1770 1649 1821 erit
1685 1770 1903 1837 disputa-

515 1845 592 1896 tio
616 1879 632 1905 ,
685 1844 728 1894 si
766 1860 874 1910 quae
915 1843 1038 1895 dieta
1074 1855 1219 1893 erunt
1257 1844 1638 1912 argumentando
1662 1877 1677 1902 ,
1731 1843 1900 1895 iisdem

519 1918 651 1976 viis,
682 1917 851 1982 quibus
879 1919 1034 1968 omnis
1058 1916 1335 1984 conjefiura
1354 1917 1618 1976 trafiatur,
1648 1919 1903 1970 trahemus

520 1992 586 2042 ad
617 1990 928 2040 verisimilem
957 1990 1309 2056 suspicionem;
1358 1989 1581 2057 idemque
1614 1990 1760 2041 hoc
1747 2009 1795 2042 ιιι
1824 2003 1906 2043 te·

520 2063 749 2114 stimoniis
778 2063 943 2114 facere
973 2065 1242 2130 oportebit.
1275 2063 1461 2115 Contra
1484 2063 1769 2130 questiones
1800 2065 1904 2117 hoc

522 2137 674 2188 modo
708 2137 960 2195 dicemus,
998 2135 1199 2202 primum
1230 2136 1440 2204 majores
1478 2136 1664 2189 nostros
1694 2137 1903 2190 voluisse

524 2211 676 2260 certis
708 2208 758 2257 in
782 2210 928 2259 rebus
955 2210 1201 2276 interponi
1220 2210 1503 2277 questiones
1524 2243 1540 2270 ,
1572 2227 1752 2278 quum,
1792 2228 1905 2278 φιτ

526 2280 651 2331 vere
685 2279 963 2331 dicerentur
986 2312 1004 2339 ‚
1048 2280 1200 2330 sciri·
1185 2314 1204 2339 ,
1244 2298 1353 2348 quae
1390 2280 1517 2333 falso
1554 2283 1605 2332 in
1643 2283 1907 2350 quaeflione

529 2351 961 2422 pronuntiarentur
984 2383 1000 2408 ,
1031 2352 1192 2401 refelli
1216 2353 1404 2419 pofl'ent
1428 2354 1529 2403 hoe
1556 2354 1707 2407 modo
1736 2369 1753 2406 ι
1784 2354 1909 2419 Quo

531 2428 584 2479 in
619 2428 735 2477 loco
768 2425 880 2493 quid
904 2423 1112 2490 positum
1135 2425 1239 2484 sit.
1276 2424 1330 2477 δι
1351 2425 1391 2475 si
1422 2424 1537 2492 quid
1566 2423 1687 2479 effet
1710 2427 1865 2479 simile
1886 2460 1909 2489 ‚

531 2501 666 2569 quod
704 2499 900 2556 videri,
949 2508 1034 2550 aut
1078 2499 1243 2565 aliquo
1284 2498 1427 2550 simili
1469 2499 1655 2569 percipi
1696 2498 1909 2569 pofl'et·

532 2574 748 2632 deinde,
788 2571 950 2624 dolori
988 2572 1122 2622 credi
1156 2589 1257 2623 non
1296 2584 1527 2640 oportere
1551 2604 1569 2633 ,
1614 2571 1747 2641 quod
1783 2574 1911 2627 aliu!

532 2648 634 2699 alio
669 2646 956 2698 reticentior
992 2645 1056 2696 sit
1094 2646 1145 2697 in
1179 2646 1395 2704 dolare,
1439 2642 1623 2712 qund'
1607 2646 1792 2716 mgt‘ff-
1831 2680 1832 2684 =
1861 2679 1864 2683 ἡ

535 2722 602 2771 ιὰ
638 2718 1126 2779 comminiscendum,
1167 2716 1299 2787 quud
1335 2720 1544 2788 denique
1580 2720 1609 2772 s
1660 2748 1664 2764 ;
1694 2740 1729 2775 ⁷·

536 2806 624 2845 aut
657 2792 880 2860 suspicari
911 2791 1068 2859 possit
1090 2824 1108 2853 ,
1147 2792 1263 2859 quid
1291 2794 1519 2860 quaesitor
1543 2807 1604 2847 τε
1623 2812 1696 2846 =‚·.·

539 2866 676 2931 quod
707 2882 854 2932 quum
889 2864 1070 2917 dixerit
1094 2898 1112 2927 ,
1149 2866 1392 2935 interligat
1423 2864 1527 2920 nihi
1553 2870 1568 2878 ²
1612 2921 1613 2924 ,
1633 2900 1642 2926 ,-

539 2938 774 2987 futurum.
805 2938 932 2989 Hae
961 2936 1646 3006 disputatio

543 3010 702 3064 nemus
719 3040 737 3071 ,
773 3026 882 3080 (με
905 3007 958 3063 in
979 3010 1324 3079 qun-nimium
1344 3020 1519 3071 affl,
