2400 4067
245 443 323 534 476
436 441 740 508 olearon.

244 572 310 628 tas,
333 555 366 614 &
388 551 537 635 quoddam
555 550 712 631 aucupium
734 545 928 609 deleciationis

245 632 399 695 manifesto
412 629 624 713 deprehensum
636 645 791 709 appareat.

290 715 340 795 85.
366 713 499 794 Itemque
521 713 545 771 si
571 731 635 792 quae
664 709 832 769 verborum
854 710 931 770 itera·

247 797 344 856 tiones
360 795 582 853 contentionem
594 791 721 872 aliquam
730 790 766 850 δι
779 790 930 850 clamorem

249 879 415 957 requirent,
434 889 519 934 erunt
535 872 571 932 ab
585 871 639 930 hac
653 869 860 932 summissione
875 892 931 930 ora·

250 959 336 1014 tionis
362 954 486 1013 alienae:
514 954 617 1013 ceteris
640 950 809 1090 promiscue
831 952 931 1032 poterit

249 1038 311 1109 iati3
327 1035 578 1095 continuationem
586 1034 641 1091 ve'r
663 1052 749 1090 orum
759 1032 857 1092 modi>
869 1032 933 1092 rela-

251 1134 325 1187 xet,
350 1116 382 1174 &
402 1113 537 1185 dividat,
558 1128 714 1192 utaturque
733 1113 839 1173 verbis
854 1109 932 1194 ipultn

251 1197 459 1267 usitatissimis,
481 1192 713 1252 transsationibus
724 1192 816 1272 quim
831 1193 935 1253 mollis·

252 1277 339 1334 simis.
360 1273 456 1333 Etiam
473 1274 520 1333 illa
527 1272 734 1333 sententiarum
751 1271 863 1332 lumina
872 1271 936 1332 allu-

252 1371 331 1428 mat,
350 1376 413 1435 quae
430 1375 492 1415 non
505 1369 588 1412 erunt
604 1352 803 1423 vehementer
816 1352 936 1412 illustria.

253 1435 325 1494 Non
342 1433 429 1494 faciet
443 1434 654 1515 rempublicam
674 1431 868 1514 loquentem,
888 1453 938 1494 nec

255 1517 291 1576 ab
310 1515 409 1576 inferis
428 1531 561 1575 mortuos
579 1513 813 1587 excitabit‚'nec
825 1533 938 1575 acerva·
978 1560 980 1595 5

254 1599 308 1656 tim
323 1596 414 1656 multa
428 1595 639 1676 nequeamus,
661 1593 720 1653 unit
734 1594 938 1674 complexione

257 1677 416 1737 devinciet.
438 1675 644 1736 Valentiorum
654 1674 717 1733 haec
730 1674 859 1734 laterum
869 1674 939 1748 sunt,

257 1777 314 1817 nec
328 1756 365 1816 ab
380 1756 460 1830 hoc,
480 1775 568 1836 quem
588 1753 804 1826 informamus,
824 1770 874 1814 aut
894 1776 939 1815 ex·

257 1836 428 1917 speclanda,
445 1853 495 1895 aut
515 1833 708 1915 postulanda:
739 1837 795 1894 erit
816 1837 896 1895 enitn
913 1853 939 1895 ut

257 1935 353 1988 voce,
371 1918 411 1974 sic
426 1918 514 1974 etiam
528 1916 661 1974 oratione
673 1913 868 1994 suppression.

299 1994 349 2055 86.
376 1993 436 2055 Sed
461 1996 600 2075 pleraque
624 2006 660 2053 ex
686 1995 739 2053 illis
765 1997 941 2056 convenient

259 2079 347 2136 etiam
363 2076 429 2134 huic
455 2076 614 2146 tenuitati3
641 2095 821 2154 quamquam
847 2075 940 2136 iisdem

260 2158 438 2216 ornamentis
455 2173 552 2216 utetur
567 2154 710 2213 horridius
727 2177 735 2212 :
756 2155 850 2215 talem
869 2160 939 2216 enim

260 2237 431 2297 inducimus.
454 2235 579 2296 Accedit
589 2234 662 2293 aelio
672 2255 734 2293 non
748 2239 881 2318 tragica,
895 2257 943 2297 nec

223 2334 229 2345 ’
261 2317 377 2390 scenae3
405 2315 454 2378 sed
477 2315 594 2376 modici
617 2312 776 2394 jaciatione
797 2320 945 2399 corporis,

260 2398 343 2457 vultu
357 2415 455 2457 tamen
474 2397 565 2457 multa
581 2394 740 2472 conficiens
759 2417 768 2455 t
791 2419 856 2458 non
872 2399 944 2470 hoc,

282 2500 320 2537 uo
332 2478 464 2536 dicuntur
475 2499 508 2536 os
517 2476 639 2549 ducere,
650 2475 699 2536 sed
709 2476 780 2550 illo,
792 2499 855 2560 quo
866 2482 946 2560 signi·

253 2500 348 2620 licant
358 2559 501 2639 ingenue,
517 2578 577 2639 quo
591 2555 670 2617 sensu
679 2556 811 2641 quidque
820 2581 947 2640 pronun·

262 2653 345 2696 trent.

304 2713 420 2775 XXVI.
446 2715 522 2774 Huic
549 2717 648 2798 generi
676 2717 819 2777 orationis
852 2720 948 2801 asper·

263 2814 365 2880 gentur
378 2798 465 2857 etiam
478 2794 567 2870 sales,
584 2800 672 2879 quiin
687 2796 817 2860 dicendo
832 2802 951 2860 nimium

264 2880 401 2960 quantum
411 2876 525 2937 valent:
541 2899 665 2959 quorum
678 2877 737 2937 duo
747 2899 860 2960 genera
872 2881 954 2953 sunt,

263 2957 680 3035 unumfacetiarum,alterutn
690 2959 864 3024 dicacitatis.
884 2963 954 3026 Ute-
