<?xml version="1.0" encoding="UTF-8"?>
<!DOCTYPE html PUBLIC "-//W3C//DTD XHTML 1.0 Transitional//EN"
    "http://www.w3.org/TR/xhtml1/DTD/xhtml1-transitional.dtd">
<html xmlns="http://www.w3.org/1999/xhtml" xml:lang="en" lang="en">
 <head>
  <title>
</title>
<meta http-equiv="Content-Type" content="text/html;charset=utf-8" />
  <meta name='ocr-system' content='tesseract 3.04.00' />
  <meta name='ocr-capabilities' content='ocr_page ocr_carea ocr_par ocr_line ocrx_word'/>
</head>
<body>
  <div class='ocr_page' id='page_1' title='image "./mtulliiciceroni01lallgoog_0186.png"; bbox 0 0 2400 4067; ppageno 0'>
   <div class='ocr_carea' id='block_1_1' title="bbox 354 470 916 541">
    <p class='ocr_par' dir='ltr' id='par_1_1' title="bbox 354 470 916 541">
     <span class='ocr_line' id='line_1_1' title="bbox 354 470 916 541; baseline -0.007 0"><span class='ocrx_word' id='word_1_1' title='bbox 354 471 428 541; x_wconf 84' lang='lat'>166</span> <span class='ocrx_word' id='word_1_2' title='bbox 482 471 554 539; x_wconf 76' lang='lat' dir='ltr'>Dr</span> <span class='ocrx_word' id='word_1_3' title='bbox 582 470 916 540; x_wconf 69' lang='lat' dir='ltr'>Iursurroun</span> 
     </span>
    </p>
   </div>
   <div class='ocr_carea' id='block_1_2' title="bbox 305 582 1068 3020">
    <p class='ocr_par' dir='ltr' id='par_1_2' title="bbox 305 582 1068 2917">
     <span class='ocr_line' id='line_1_2' title="bbox 348 582 1068 645; baseline 0.001 -1"><span class='ocrx_word' id='word_1_4' title='bbox 348 608 350 612; x_wconf 94' lang='lat'>·</span> <span class='ocrx_word' id='word_1_5' title='bbox 388 583 459 645; x_wconf 88' lang='lat' dir='ltr'>XV.</span> <span class='ocrx_word' id='word_1_6' title='bbox 482 583 643 644; x_wconf 86' lang='lat' dir='ltr'>Exordium</span> <span class='ocrx_word' id='word_1_7' title='bbox 663 582 704 645; x_wconf 87' lang='lat' dir='ltr'>est</span> <span class='ocrx_word' id='word_1_8' title='bbox 721 585 816 644; x_wconf 85' lang='lat' dir='ltr'>oratio</span> <span class='ocrx_word' id='word_1_9' title='bbox 835 585 969 643; x_wconf 90' lang='lat' dir='ltr'>animum</span> <span class='ocrx_word' id='word_1_10' title='bbox 984 601 1037 645; x_wconf 68' lang='lat' dir='ltr'>au*</span> <span class='ocrx_word' id='word_1_11' title='bbox 1067 603 1068 608; x_wconf 72' lang='grc'>’</span> 
     </span>
     <span class='ocr_line' id='line_1_3' title="bbox 343 663 1040 748; baseline 0.003 -24"><span class='ocrx_word' id='word_1_12' title='bbox 343 663 449 726; x_wconf 86' lang='lat' dir='ltr'>ditoris</span> <span class='ocrx_word' id='word_1_13' title='bbox 463 666 570 727; x_wconf 70' lang='lat' dir='ltr'>idonee</span> <span class='ocrx_word' id='word_1_14' title='bbox 585 687 758 748; x_wconf 85' lang='lat' dir='ltr'>comparans</span> <span class='ocrx_word' id='word_1_15' title='bbox 771 665 808 724; x_wconf 89' lang='lat' dir='ltr'>ad</span> <span class='ocrx_word' id='word_1_16' title='bbox 821 665 970 748; x_wconf 89' lang='lat' dir='ltr'>reliquam</span> <span class='ocrx_word' id='word_1_17' title='bbox 984 665 1040 726; x_wconf 81' lang='lat' dir='ltr'>die-</span> 
     </span>
     <span class='ocr_line' id='line_1_4' title="bbox 343 746 1040 828; baseline 0.003 -22"><span class='ocrx_word' id='word_1_18' title='bbox 343 748 459 807; x_wconf 84' lang='lat' dir='ltr'>tionem</span> <span class='ocrx_word' id='word_1_19' title='bbox 475 768 485 820; x_wconf 80' lang='lat'><em>3</em></span> <span class='ocrx_word' id='word_1_20' title='bbox 503 746 584 828; x_wconf 93' lang='lat' dir='ltr'>quod</span> <span class='ocrx_word' id='word_1_21' title='bbox 605 749 746 820; x_wconf 86' lang='lat' dir='ltr'>eveniet,</span> <span class='ocrx_word' id='word_1_22' title='bbox 763 748 787 806; x_wconf 89' lang='lat' dir='ltr'>si</span> <span class='ocrx_word' id='word_1_23' title='bbox 805 766 876 806; x_wconf 90' lang='lat' dir='ltr'>eum</span> <span class='ocrx_word' id='word_1_24' title='bbox 898 747 1040 808; x_wconf 79' lang='lat' dir='ltr'>benevo-</span> 
     </span>
     <span class='ocr_line' id='line_1_5' title="bbox 346 824 1040 910; baseline 0.001 -22"><span class='ocrx_word' id='word_1_25' title='bbox 346 825 428 902; x_wconf 84' lang='lat' dir='ltr'>lum,</span> <span class='ocrx_word' id='word_1_26' title='bbox 445 845 613 902; x_wconf 81' lang='lat' dir='ltr'>attentum,</span> <span class='ocrx_word' id='word_1_27' title='bbox 629 828 760 888; x_wconf 80' lang='lat' dir='ltr'>docilem</span> <span class='ocrx_word' id='word_1_28' title='bbox 777 824 907 894; x_wconf 77' lang='lat' dir='ltr'>fecerit:</span> <span class='ocrx_word' id='word_1_29' title='bbox 928 847 1040 910; x_wconf 83' lang='lat' dir='ltr'>quare,</span> 
     </span>
     <span class='ocr_line' id='line_1_6' title="bbox 344 908 1042 989; baseline 0.006 -23"><span class='ocrx_word' id='word_1_30' title='bbox 344 912 396 989; x_wconf 83' lang='lat' dir='ltr'>qui</span> <span class='ocrx_word' id='word_1_31' title='bbox 411 910 490 970; x_wconf 88' lang='lat' dir='ltr'>bene</span> <span class='ocrx_word' id='word_1_32' title='bbox 507 909 634 970; x_wconf 80' lang='lat' dir='ltr'>exordiri</span> <span class='ocrx_word' id='word_1_33' title='bbox 650 909 762 970; x_wconf 83' lang='lat' dir='ltr'>causam</span> <span class='ocrx_word' id='word_1_34' title='bbox 776 908 882 981; x_wconf 85' lang='lat' dir='ltr'>volet,</span> <span class='ocrx_word' id='word_1_35' title='bbox 899 928 973 970; x_wconf 90' lang='lat' dir='ltr'>eum</span> <span class='ocrx_word' id='word_1_36' title='bbox 991 929 1042 970; x_wconf 86' lang='lat' dir='ltr'>ne·</span> 
     </span>
     <span class='ocr_line' id='line_1_7' title="bbox 343 987 1041 1074; baseline 0.009 -26"><span class='ocrx_word' id='word_1_37' title='bbox 343 987 421 1049; x_wconf 82' lang='lat' dir='ltr'>telle</span> <span class='ocrx_word' id='word_1_38' title='bbox 439 988 480 1049; x_wconf 88' lang='lat' dir='ltr'>est</span> <span class='ocrx_word' id='word_1_39' title='bbox 500 1011 591 1074; x_wconf 82' lang='lat' dir='ltr'>genus</span> <span class='ocrx_word' id='word_1_40' title='bbox 613 990 668 1051; x_wconf 82' lang='lat' dir='ltr'>suae</span> <span class='ocrx_word' id='word_1_41' title='bbox 687 988 776 1051; x_wconf 86' lang='lat' dir='ltr'>causae</span> <span class='ocrx_word' id='word_1_42' title='bbox 795 989 956 1071; x_wconf 77' lang='lat' dir='ltr'>diligenter</span> <span class='ocrx_word' id='word_1_43' title='bbox 972 991 1041 1054; x_wconf 61' lang='lat' dir='ltr'>ante</span> 
     </span>
     <span class='ocr_line' id='line_1_8' title="bbox 345 1068 1040 1155; baseline 0.01 -27"><span class='ocrx_word' id='word_1_44' title='bbox 345 1068 536 1152; x_wconf 74' lang='lat' dir='ltr'><strong>cognoscere.</strong></span> <span class='ocrx_word' id='word_1_45' title='bbox 574 1070 696 1132; x_wconf 81' lang='lat' dir='ltr'>Genera</span> <span class='ocrx_word' id='word_1_46' title='bbox 728 1068 875 1130; x_wconf 86' lang='lat' dir='ltr'>causarum</span> <span class='ocrx_word' id='word_1_47' title='bbox 909 1074 1040 1155; x_wconf 85' lang='lat' dir='ltr'>quinque</span> 
     </span>
     <span class='ocr_line' id='line_1_9' title="bbox 341 1147 1041 1227; baseline 0.004 -15"><span class='ocrx_word' id='word_1_48' title='bbox 341 1149 428 1225; x_wconf 72' lang='lat' dir='ltr'>sunt,</span> <span class='ocrx_word' id='word_1_49' title='bbox 446 1152 620 1227; x_wconf 87' lang='lat' dir='ltr'>honestum,</span> <span class='ocrx_word' id='word_1_50' title='bbox 638 1147 827 1225; x_wconf 78' lang='lat' dir='ltr'>admirabile,</span> <span class='ocrx_word' id='word_1_51' title='bbox 844 1151 977 1226; x_wconf 85' lang='lat' dir='ltr'>humile,</span> <span class='ocrx_word' id='word_1_52' title='bbox 992 1174 1041 1214; x_wconf 82' lang='lat' dir='ltr'>au·</span> 
     </span>
     <span class='ocr_line' id='line_1_10' title="bbox 345 1231 1039 1316; baseline 0.009 -26"><span class='ocrx_word' id='word_1_53' title='bbox 345 1243 436 1312; x_wconf 86' lang='lat' dir='ltr'>¹ceps,</span> <span class='ocrx_word' id='word_1_54' title='bbox 450 1231 613 1293; x_wconf 83' lang='lat' dir='ltr'>obscurum.</span> <span class='ocrx_word' id='word_1_55' title='bbox 625 1231 789 1294; x_wconf 89' lang='lat' dir='ltr'>Honestum</span> <span class='ocrx_word' id='word_1_56' title='bbox 802 1253 895 1316; x_wconf 84' lang='lat' dir='ltr'>genus</span> <span class='ocrx_word' id='word_1_57' title='bbox 911 1232 975 1308; x_wconf 87' lang='lat' dir='ltr'>est,</span> <span class='ocrx_word' id='word_1_58' title='bbox 991 1235 1039 1296; x_wconf 85' lang='lat' dir='ltr'>cui</span> 
     </span>
     <span class='ocr_line' id='line_1_11' title="bbox 343 1309 1039 1376; baseline 0.004 -3"><span class='ocrx_word' id='word_1_59' title='bbox 343 1309 440 1373; x_wconf 81' lang='lat' dir='ltr'>statim</span> <span class='ocrx_word' id='word_1_60' title='bbox 457 1315 520 1375; x_wconf 84' lang='lat' dir='ltr'>sine</span> <span class='ocrx_word' id='word_1_61' title='bbox 537 1316 671 1376; x_wconf 85' lang='lat' dir='ltr'>oratione</span> <span class='ocrx_word' id='word_1_62' title='bbox 685 1312 782 1375; x_wconf 84' lang='lat' dir='ltr'>nostra</span> <span class='ocrx_word' id='word_1_63' title='bbox 798 1313 941 1374; x_wconf 82' lang='lat' dir='ltr'>auditoris</span> <span class='ocrx_word' id='word_1_64' title='bbox 956 1312 1039 1376; x_wconf 82' lang='lat' dir='ltr'>favet</span> 
     </span>
     <span class='ocr_line' id='line_1_12' title="bbox 342 1393 1037 1478; baseline 0.004 -25"><span class='ocrx_word' id='word_1_65' title='bbox 342 1395 467 1456; x_wconf 86' lang='lat' dir='ltr'>animus.</span> <span class='ocrx_word' id='word_1_66' title='bbox 491 1395 694 1469; x_wconf 87' lang='lat' dir='ltr'>Admirabile,</span> <span class='ocrx_word' id='word_1_67' title='bbox 713 1417 731 1456; x_wconf 92' lang='lat' dir='ltr'>a</span> <span class='ocrx_word' id='word_1_68' title='bbox 750 1416 810 1478; x_wconf 88' lang='lat' dir='ltr'>quo</span> <span class='ocrx_word' id='word_1_69' title='bbox 831 1395 977 1456; x_wconf 84' lang='lat' dir='ltr'>alienatus</span> <span class='ocrx_word' id='word_1_70' title='bbox 993 1393 1037 1456; x_wconf 83' lang='lat' dir='ltr'>est</span> 
     </span>
     <span class='ocr_line' id='line_1_13' title="bbox 343 1473 1036 1559; baseline 0.001 -24"><span class='ocrx_word' id='word_1_71' title='bbox 343 1478 458 1536; x_wconf 84' lang='lat' dir='ltr'>animus</span> <span class='ocrx_word' id='word_1_72' title='bbox 470 1496 573 1538; x_wconf 89' lang='lat' dir='ltr'>eorum</span> <span class='ocrx_word' id='word_1_73' title='bbox 586 1523 596 1551; x_wconf 89' lang='lat'>,</span> <span class='ocrx_word' id='word_1_74' title='bbox 612 1481 661 1559; x_wconf 91' lang='lat' dir='ltr'>qui</span> <span class='ocrx_word' id='word_1_75' title='bbox 671 1478 793 1537; x_wconf 83' lang='lat' dir='ltr'><strong>audituri</strong></span> <span class='ocrx_word' id='word_1_76' title='bbox 805 1473 878 1536; x_wconf 88' lang='lat' dir='ltr'>sunt.</span> <span class='ocrx_word' id='word_1_77' title='bbox 893 1475 1036 1551; x_wconf 85' lang='lat' dir='ltr'>Humile,</span> 
     </span>
     <span class='ocr_line' id='line_1_14' title="bbox 305 1557 1037 1642; baseline 0 -25"><span class='ocrx_word' id='word_1_78' title='bbox 305 1599 309 1604; x_wconf 88' lang='lat'><em>-</em></span> <span class='ocrx_word' id='word_1_79' title='bbox 343 1557 427 1640; x_wconf 83' lang='lat' dir='ltr'>quod</span> <span class='ocrx_word' id='word_1_80' title='bbox 442 1558 597 1642; x_wconf 75' lang='lat' dir='ltr'>negligitur</span> <span class='ocrx_word' id='word_1_81' title='bbox 614 1560 650 1618; x_wconf 87' lang='lat' dir='ltr'>ab</span> <span class='ocrx_word' id='word_1_82' title='bbox 667 1558 821 1631; x_wconf 86' lang='lat' dir='ltr'>auditore,</span> <span class='ocrx_word' id='word_1_83' title='bbox 841 1557 874 1617; x_wconf 74' lang='grc' dir='ltr'>δι</span> <span class='ocrx_word' id='word_1_84' title='bbox 891 1576 958 1617; x_wconf 80' lang='lat' dir='ltr'>non</span> <span class='ocrx_word' id='word_1_85' title='bbox 970 1578 1037 1618; x_wconf 88' lang='lat' dir='ltr'>ma-</span> 
     </span>
     <span class='ocr_line' id='line_1_15' title="bbox 341 1636 1034 1736; baseline 0.001 -38"><span class='ocrx_word' id='word_1_86' title='bbox 341 1639 477 1736; x_wconf 70' lang='lat' dir='ltr'>gnopere</span> <span class='ocrx_word' id='word_1_87' title='bbox 501 1640 713 1700; x_wconf 86' lang='lat' dir='ltr'>attendendum</span> <span class='ocrx_word' id='word_1_88' title='bbox 738 1639 866 1698; x_wconf 86' lang='lat' dir='ltr'>videtur.</span> <span class='ocrx_word' id='word_1_89' title='bbox 889 1636 1034 1720; x_wconf 79' lang='lat' dir='ltr'>Anceps,</span> 
     </span>
     <span class='ocr_line' id='line_1_16' title="bbox 343 1717 1031 1799; baseline 0.003 -21"><span class='ocrx_word' id='word_1_90' title='bbox 343 1741 374 1778; x_wconf 88' lang='lat' dir='ltr'>rn</span> <span class='ocrx_word' id='word_1_91' title='bbox 387 1741 446 1799; x_wconf 87' lang='lat' dir='ltr'>quo</span> <span class='ocrx_word' id='word_1_92' title='bbox 459 1736 508 1779; x_wconf 87' lang='lat' dir='ltr'>aut</span> <span class='ocrx_word' id='word_1_93' title='bbox 524 1719 664 1798; x_wconf 86' lang='lat' dir='ltr'>judicatio</span> <span class='ocrx_word' id='word_1_94' title='bbox 681 1720 768 1780; x_wconf 89' lang='lat' dir='ltr'>dubia</span> <span class='ocrx_word' id='word_1_95' title='bbox 782 1717 823 1781; x_wconf 88' lang='lat' dir='ltr'>est</span> <span class='ocrx_word' id='word_1_96' title='bbox 838 1739 849 1790; x_wconf 86' lang='lat'>3</span> <span class='ocrx_word' id='word_1_97' title='bbox 862 1719 1031 1796; x_wconf 64' lang='lat' dir='ltr'>auttausa,</span> 
     </span>
     <span class='ocr_line' id='line_1_17' title="bbox 343 1799 1033 1882; baseline 0.003 -22"><span class='ocrx_word' id='word_1_98' title='bbox 343 1799 552 1860; x_wconf 84' lang='lat' dir='ltr'>&amp;honestatis</span> <span class='ocrx_word' id='word_1_99' title='bbox 576 1802 610 1860; x_wconf 92' lang='lat'>&amp;</span> <span class='ocrx_word' id='word_1_100' title='bbox 631 1801 782 1882; x_wconf 88' lang='lat' dir='ltr'>turpidinis</span> <span class='ocrx_word' id='word_1_101' title='bbox 801 1803 949 1882; x_wconf 75' lang='lat' dir='ltr'>particeps</span> <span class='ocrx_word' id='word_1_102' title='bbox 971 1820 980 1860; x_wconf 76' lang='lat' dir='ltr'><strong><em>z</em></strong></span> <span class='ocrx_word' id='word_1_103' title='bbox 1001 1819 1033 1862; x_wconf 87' lang='lat' dir='ltr'>ut</span> 
     </span>
     <span class='ocr_line' id='line_1_18' title="bbox 345 1879 1031 1962; baseline 0.006 -22"><span class='ocrx_word' id='word_1_104' title='bbox 345 1880 629 1940; x_wconf 84' lang='lat' dir='ltr'>&amp;benevolentiam</span> <span class='ocrx_word' id='word_1_105' title='bbox 645 1884 755 1962; x_wconf 84' lang='lat' dir='ltr'>pariat,</span> <span class='ocrx_word' id='word_1_106' title='bbox 771 1882 803 1940; x_wconf 89' lang='lat'><strong>&amp;</strong></span> <span class='ocrx_word' id='word_1_107' title='bbox 820 1879 1031 1945; x_wconf 82' lang='lat' dir='ltr'>offensionem.</span> 
     </span>
     <span class='ocr_line' id='line_1_19' title="bbox 342 1959 1029 2042; baseline 0.001 -21"><span class='ocrx_word' id='word_1_108' title='bbox 342 1959 541 2035; x_wconf 88' lang='lat' dir='ltr'>Obscurum,</span> <span class='ocrx_word' id='word_1_109' title='bbox 563 1964 594 2021; x_wconf 90' lang='lat' dir='ltr'>in</span> <span class='ocrx_word' id='word_1_110' title='bbox 618 1982 679 2042; x_wconf 88' lang='lat' dir='ltr'>quo</span> <span class='ocrx_word' id='word_1_111' title='bbox 706 1979 754 2021; x_wconf 89' lang='lat' dir='ltr'>aut</span> <span class='ocrx_word' id='word_1_112' title='bbox 780 1962 855 2021; x_wconf 89' lang='lat' dir='ltr'>tardi</span> <span class='ocrx_word' id='word_1_113' title='bbox 878 1963 1029 2024; x_wconf 75' lang='lat' dir='ltr'>auditores</span> 
     </span>
     <span class='ocr_line' id='line_1_20' title="bbox 340 2040 1028 2126; baseline 0.001 -24"><span class='ocrx_word' id='word_1_114' title='bbox 340 2041 426 2116; x_wconf 85' lang='lat' dir='ltr'>lunt,</span> <span class='ocrx_word' id='word_1_115' title='bbox 443 2059 492 2102; x_wconf 92' lang='lat' dir='ltr'>aut</span> <span class='ocrx_word' id='word_1_116' title='bbox 509 2040 716 2103; x_wconf 81' lang='lat' dir='ltr'>difficilioribus</span> <span class='ocrx_word' id='word_1_117' title='bbox 733 2043 771 2103; x_wconf 91' lang='lat' dir='ltr'>ad</span> <span class='ocrx_word' id='word_1_118' title='bbox 788 2042 1028 2126; x_wconf 78' lang='lat' dir='ltr'>cognoscendum</span> 
     </span>
     <span class='ocr_line' id='line_1_21' title="bbox 340 2123 1029 2207; baseline 0.003 -23"><span class='ocrx_word' id='word_1_119' title='bbox 340 2125 468 2206; x_wconf 85' lang='lat' dir='ltr'>negotiis</span> <span class='ocrx_word' id='word_1_120' title='bbox 483 2123 565 2184; x_wconf 86' lang='lat' dir='ltr'>causa</span> <span class='ocrx_word' id='word_1_121' title='bbox 578 2125 719 2206; x_wconf 87' lang='lat' dir='ltr'>implicita</span> <span class='ocrx_word' id='word_1_122' title='bbox 735 2123 785 2185; x_wconf 90' lang='lat' dir='ltr'>est.</span> <span class='ocrx_word' id='word_1_123' title='bbox 801 2124 923 2204; x_wconf 83' lang='lat' dir='ltr'>Quare,</span> <span class='ocrx_word' id='word_1_124' title='bbox 936 2144 1029 2207; x_wconf 77' lang='lat' dir='ltr'>quum</span> 
     </span>
     <span class='ocr_line' id='line_1_22' title="bbox 340 2204 1028 2290; baseline 0.001 -25"><span class='ocrx_word' id='word_1_125' title='bbox 340 2220 402 2265; x_wconf 87' lang='lat' dir='ltr'>tam</span> <span class='ocrx_word' id='word_1_126' title='bbox 421 2204 532 2266; x_wconf 89' lang='lat' dir='ltr'>diversa</span> <span class='ocrx_word' id='word_1_127' title='bbox 546 2208 603 2266; x_wconf 89' lang='lat' dir='ltr'>sint</span> <span class='ocrx_word' id='word_1_128' title='bbox 623 2226 731 2290; x_wconf 84' lang='lat' dir='ltr'>genera</span> <span class='ocrx_word' id='word_1_129' title='bbox 751 2205 918 2281; x_wconf 85' lang='lat' dir='ltr'>causarum,</span> <span class='ocrx_word' id='word_1_130' title='bbox 935 2226 1028 2268; x_wconf 71' lang='lat' dir='ltr'>exor-</span> 
     </span>
     <span class='ocr_line' id='line_1_23' title="bbox 341 2287 1027 2371; baseline 0.006 -25"><span class='ocrx_word' id='word_1_131' title='bbox 341 2287 395 2347; x_wconf 90' lang='lat' dir='ltr'>diri</span> <span class='ocrx_word' id='word_1_132' title='bbox 414 2308 532 2370; x_wconf 88' lang='lat' dir='ltr'>quoque</span> <span class='ocrx_word' id='word_1_133' title='bbox 549 2287 652 2370; x_wconf 88' lang='lat' dir='ltr'>dispari</span> <span class='ocrx_word' id='word_1_134' title='bbox 667 2291 780 2349; x_wconf 87' lang='lat' dir='ltr'>ratione</span> <span class='ocrx_word' id='word_1_135' title='bbox 796 2290 826 2346; x_wconf 90' lang='lat' dir='ltr'>in</span> <span class='ocrx_word' id='word_1_136' title='bbox 844 2308 1027 2371; x_wconf 81' lang='lat' dir='ltr'>unoquoque</span> 
     </span>
     <span class='ocr_line' id='line_1_24' title="bbox 310 2367 1026 2453; baseline -0.006 -19"><span class='ocrx_word' id='word_1_137' title='bbox 310 2419 317 2434; x_wconf 83' lang='lat'><strong>.</strong></span> <span class='ocrx_word' id='word_1_138' title='bbox 340 2374 451 2452; x_wconf 83' lang='lat' dir='ltr'>genere</span> <span class='ocrx_word' id='word_1_139' title='bbox 461 2367 573 2430; x_wconf 81' lang='lat' dir='ltr'>necesse</span> <span class='ocrx_word' id='word_1_140' title='bbox 582 2369 633 2430; x_wconf 88' lang='lat' dir='ltr'>est.</span> <span class='ocrx_word' id='word_1_141' title='bbox 644 2369 735 2453; x_wconf 88' lang='lat' dir='ltr'>Igitur</span> <span class='ocrx_word' id='word_1_142' title='bbox 749 2368 902 2430; x_wconf 87' lang='lat' dir='ltr'>exordium</span> <span class='ocrx_word' id='word_1_143' title='bbox 913 2371 944 2428; x_wconf 91' lang='lat' dir='ltr'>in</span> <span class='ocrx_word' id='word_1_144' title='bbox 955 2369 1026 2430; x_wconf 81' lang='lat' dir='ltr'>duas</span> 
     </span>
     <span class='ocr_line' id='line_1_25' title="bbox 339 2449 1026 2533; baseline 0.003 -24"><span class='ocrx_word' id='word_1_145' title='bbox 339 2468 438 2531; x_wconf 85' lang='lat' dir='ltr'>partes</span> <span class='ocrx_word' id='word_1_146' title='bbox 450 2450 603 2524; x_wconf 87' lang='lat' dir='ltr'>dividitur,</span> <span class='ocrx_word' id='word_1_147' title='bbox 615 2456 644 2510; x_wconf 90' lang='lat' dir='ltr'>in</span> <span class='ocrx_word' id='word_1_148' title='bbox 656 2453 845 2533; x_wconf 88' lang='lat' dir='ltr'>principium,</span> <span class='ocrx_word' id='word_1_149' title='bbox 856 2449 889 2510; x_wconf 87' lang='lat'>&amp;</span> <span class='ocrx_word' id='word_1_150' title='bbox 898 2452 1026 2511; x_wconf 83' lang='lat' dir='ltr'>insinua·</span> 
     </span>
     <span class='ocr_line' id='line_1_26' title="bbox 338 2529 1025 2612; baseline 0.003 -21"><span class='ocrx_word' id='word_1_151' title='bbox 338 2533 462 2591; x_wconf 87' lang='lat' dir='ltr'>tionem.</span> <span class='ocrx_word' id='word_1_152' title='bbox 472 2529 664 2611; x_wconf 89' lang='lat' dir='ltr'>Principium,</span> <span class='ocrx_word' id='word_1_153' title='bbox 677 2530 718 2592; x_wconf 86' lang='lat' dir='ltr'>est</span> <span class='ocrx_word' id='word_1_154' title='bbox 726 2534 820 2592; x_wconf 90' lang='lat' dir='ltr'>oratio</span> <span class='ocrx_word' id='word_1_155' title='bbox 829 2530 980 2612; x_wconf 72' lang='lat' dir='ltr'>perspicue</span> <span class='ocrx_word' id='word_1_156' title='bbox 991 2533 1025 2593; x_wconf 77' lang='grc' dir='ltr'>δι</span> 
     </span>
     <span class='ocr_line' id='line_1_27' title="bbox 338 2609 1025 2694; baseline 0.003 -24"><span class='ocrx_word' id='word_1_157' title='bbox 338 2614 472 2694; x_wconf 83' lang='lat' dir='ltr'>protinus</span> <span class='ocrx_word' id='word_1_158' title='bbox 482 2609 636 2691; x_wconf 85' lang='lat' dir='ltr'>perficiens</span> <span class='ocrx_word' id='word_1_159' title='bbox 648 2613 811 2674; x_wconf 86' lang='lat' dir='ltr'>auditorem</span> <span class='ocrx_word' id='word_1_160' title='bbox 821 2612 1002 2672; x_wconf 76' lang='lat' dir='ltr'>benevolum</span> <span class='ocrx_word' id='word_1_161' title='bbox 1014 2657 1025 2686; x_wconf 92' lang='lat'>,</span> 
     </span>
     <span class='ocr_line' id='line_1_28' title="bbox 338 2691 1023 2767; baseline 0.001 -15"><span class='ocrx_word' id='word_1_162' title='bbox 338 2711 389 2752; x_wconf 89' lang='lat' dir='ltr'>aut</span> <span class='ocrx_word' id='word_1_163' title='bbox 403 2691 549 2765; x_wconf 86' lang='lat' dir='ltr'>docilem,</span> <span class='ocrx_word' id='word_1_164' title='bbox 561 2709 609 2751; x_wconf 91' lang='lat' dir='ltr'>aut</span> <span class='ocrx_word' id='word_1_165' title='bbox 619 2709 772 2753; x_wconf 87' lang='lat' dir='ltr'>attentum.</span> <span class='ocrx_word' id='word_1_166' title='bbox 789 2694 949 2755; x_wconf 86' lang='lat' dir='ltr'>Insinuatio</span> <span class='ocrx_word' id='word_1_167' title='bbox 960 2739 970 2767; x_wconf 94' lang='lat'>‚</span> <span class='ocrx_word' id='word_1_168' title='bbox 981 2692 1023 2755; x_wconf 87' lang='lat' dir='ltr'>est</span> 
     </span>
     <span class='ocr_line' id='line_1_29' title="bbox 337 2771 1025 2853; baseline 0.004 -19"><span class='ocrx_word' id='word_1_169' title='bbox 337 2773 434 2834; x_wconf 89' lang='lat' dir='ltr'>oratio</span> <span class='ocrx_word' id='word_1_170' title='bbox 446 2771 571 2853; x_wconf 90' lang='lat' dir='ltr'>quadam</span> <span class='ocrx_word' id='word_1_171' title='bbox 583 2772 827 2849; x_wconf 86' lang='lat' dir='ltr'>dissimulatione,</span> <span class='ocrx_word' id='word_1_172' title='bbox 840 2775 873 2834; x_wconf 88' lang='lat'>&amp;</span> <span class='ocrx_word' id='word_1_173' title='bbox 882 2778 1025 2836; x_wconf 85' lang='lat' dir='ltr'>circuitio·</span> 
     </span>
     <span class='ocr_line' id='line_1_30' title="bbox 338 2851 957 2917; baseline 0 0"><span class='ocrx_word' id='word_1_174' title='bbox 338 2875 377 2917; x_wconf 87' lang='lat' dir='ltr'>ne</span> <span class='ocrx_word' id='word_1_175' title='bbox 393 2851 513 2914; x_wconf 72' lang='lat' dir='ltr'>obscure</span> <span class='ocrx_word' id='word_1_176' title='bbox 530 2854 647 2914; x_wconf 88' lang='lat' dir='ltr'>subiens</span> <span class='ocrx_word' id='word_1_177' title='bbox 663 2855 799 2916; x_wconf 86' lang='lat' dir='ltr'>auditoris</span> <span class='ocrx_word' id='word_1_178' title='bbox 817 2858 957 2917; x_wconf 90' lang='lat' dir='ltr'>animum.</span> 
     </span>
    </p>

    <p class='ocr_par' dir='ltr' id='par_1_3' title="bbox 383 2934 1023 3020">
     <span class='ocr_line' id='line_1_31' title="bbox 383 2934 1023 3020; baseline 0.006 -25"><span class='ocrx_word' id='word_1_179' title='bbox 383 2955 431 2995; x_wconf 87' lang='lat'>21.</span> <span class='ocrx_word' id='word_1_180' title='bbox 455 2934 489 2995; x_wconf 94' lang='lat' dir='ltr'>ln</span> <span class='ocrx_word' id='word_1_181' title='bbox 504 2934 664 2996; x_wconf 89' lang='lat' dir='ltr'>admirabili</span> <span class='ocrx_word' id='word_1_182' title='bbox 678 2958 786 3020; x_wconf 84' lang='lat' dir='ltr'>genere</span> <span class='ocrx_word' id='word_1_183' title='bbox 800 2937 911 3013; x_wconf 86' lang='lat' dir='ltr'>causae,</span> <span class='ocrx_word' id='word_1_184' title='bbox 926 2940 1023 2999; x_wconf 90' lang='lat' dir='ltr'>sinon</span> 
     </span>
    </p>
   </div>
   <div class='ocr_carea' id='block_1_3' title="bbox 335 3015 1025 3104">
    <p class='ocr_par' dir='ltr' id='par_1_4' title="bbox 335 3015 1025 3104">
     <span class='ocr_line' id='line_1_32' title="bbox 335 3015 1025 3104; baseline 0.001 -24"><span class='ocrx_word' id='word_1_185' title='bbox 335 3019 462 3081; x_wconf 86' lang='lat' dir='ltr'>omnino</span> <span class='ocrx_word' id='word_1_186' title='bbox 482 3015 575 3078; x_wconf 82' lang='lat' dir='ltr'>infesti</span> <span class='ocrx_word' id='word_1_187' title='bbox 590 3018 738 3082; x_wconf 74' lang='lat' dir='ltr'>auditores</span> <span class='ocrx_word' id='word_1_188' title='bbox 756 3037 859 3094; x_wconf 87' lang='lat' dir='ltr'>erunt,</span> <span class='ocrx_word' id='word_1_189' title='bbox 879 3020 1025 3104; x_wconf 85' lang='lat' dir='ltr'>principio</span> 
     </span>
    </p>
   </div>
   <div class='ocr_carea' id='block_1_4' title="bbox 0 0 1204 4067">
    <p class='ocr_par' dir='ltr' id='par_1_5' title="bbox 0 0 1204 4067">
     <span class='ocr_line' id='line_1_33' title="bbox 0 0 1204 4067; baseline 0 4"><span class='ocrx_word' id='word_1_190' title='bbox 0 0 1204 4067; x_wconf 95' lang='lat' dir='ltr'> </span> 
     </span>
    </p>
   </div>
  </div>
 </body>
</html>
