2400 4067
402 464 694 537 Tor-²101.
805 486 883 561 407

197 581 252 643 has
263 577 398 655 ,discendi
415 579 513 660 epulas
528 581 649 661 recepi,
672 583 711 640 sic
725 582 883 662 accipiam,

197 680 231 725 ut
249 660 434 742 reliquiarum
451 663 486 719 sit
498 663 595 740 potius
613 661 738 741 aliquid,
756 665 883 743 quimte

197 742 267 804 hinc
280 742 373 824 patiar
384 763 445 801 non
454 739 585 801 satiatum
598 741 755 802 discedere.
779 743 886 823 Quan-

199 824 242 885 do
250 843 283 885 er
304 844 324 883 ο
334 819 522 903 unusquisque
532 823 798 899 eorunilocorum‚
809 845 884 905 quos

199 844 340 1006 expoiri,
364 902 411 965 sua
424 902 556 983 quaedam
570 903 703 962 membra
720 904 827 979 habet,
848 926 884 969 ea

225 1062 228 1067 Ι
241 982 475 1045 anisubtilissime
484 981 704 1063 persequamur3
716 985 748 1044 &
757 988 883 1067 primum

198 1006 240 1127 dd
251 1062 311 1147 ipsa
320 1060 489 1124 delinitione
500 1062 620 1126 dicacur.

245 1164 295 1223 27.
314 1140 457 1205 Definitio
474 1141 514 1204 est
532 1146 646 1215 oratio,
701 1167 725 1205 ae
736 1145 785 1221 id,
801 1145 883 1228 quod

201 1222 357 1298 definitur,
367 1225 491 1306 explicat
501 1271 510 1297 ‚
521 1225 590 1306 quid
602 1226 648 1284 sit.
661 1165 882 1291 liefinitionum

200 1326 304 1369 autem
318 1307 377 1367 duo
392 1305 454 1367 sunt
467 1326 574 1388 genera
586 1308 689 1386 prima.
717 1306 817 1367 Unum
830 1329 883 1369 ea-

201 1410 268 1451 rum
288 1408 407 1462 rerum,
427 1408 491 1468 quae
507 1385 591 1446 sunt:
618 1386 740 1446 alterum
758 1408 882 1464 earum,

201 1492 269 1552 quae
282 1469 488 1550 intelliguntur.
513 1464 577 1526 Effe
591 1486 626 1526 ea
638 1468 724 1538 dico,
744 1488 807 1548 quae
821 1491 884 1530 cer·

201 1553 252 1623 ni,
277 1551 395 1632 tangive
418 1546 551 1628 possunt,
574 1565 606 1605 ut
622 1545 764 1619 fundum,
784 1549 882 1624 aedes,

202 1632 363 1713 parietem,
380 1629 567 1701 stillicidium,
584 1629 777 1707 mancipium,
792 1650 886 1709 pecu-

204 1713 294 1786 dem,
313 1709 537 1791 supellellilem,
558 1729 668 1789 penus,
687 1725 801 1769 cetera:
822 1733 884 1793 quo

204 1812 367 1875 exgenere
386 1791 519 1873 quaedam
535 1789 683 1850 interdum
702 1791 787 1851 nobis
808 1790 886 1852 defi·

203 1872 312 1935 nienda
325 1871 397 1932 sunt.
424 1871 452 1931 N
455 1894 495 1931 on
508 1869 564 1931 elle
574 1870 665 1931 rursus
676 1891 710 1930 ea
725 1871 809 1946 dico,
819 1895 885 1955 quae

203 1956 304 2037 tangi,
324 1951 550 2014 demonstrarive
568 1974 628 2011 non
648 1949 783 2033 poliunt,
801 1957 885 2017 ‚cerni

204 2054 305 2096 tamen
319 2036 437 2106 animo,
448 2053 535 2114 atque
548 2032 670 2113 intelligi
686 2032 800 2112 poliunt
808 2056 818 2106 ;
832 2054 884 2111 ut,

144 2152 150 2163 ·
204 2120 229 2177 si
245 2114 471 2195 usucapionem,
498 2115 520 2172 si
539 2112 683 2183 tutelam,
706 2115 729 2170 si
743 2132 884 2194 gentem,

144 2218 148 2229 ·
204 2201 229 2259 si
243 2199 429 2280 agnationem
440 2191 574 2264 definias,
583 2212 703 2270 quarum
713 2212 809 2252 rerum
820 2196 886 2257 nul·

205 2278 268 2339 lum
280 2274 374 2337 subest
390 2274 470 2354 quasi
488 2290 616 2348 corpus3
634 2267 675 2329 est
692 2287 790 2329 tamen
826 2296 887 2337 uae·

206 2359 275 2421 dam
292 2352 487 2416 conformatio
502 2351 654 2430 insignita,
667 2349 701 2406 &
714 2294 846 2429 imprella
855 2356 887 2417 in

205 2437 417 2519 intelligentia,
442 2450 529 2512 quam
550 2431 705 2489 notionem
725 2450 828 2490 voco:
851 2454 888 2495 ea

205 2519 283 2599 saepe
301 2522 330 2576 in
350 2510 580 2597 argumentando
601 2507 769 2571 definitione
791 2514 887 2594 expli-

206 2594 386 2662 candasunt.

145 2680 149 2695 ¹
250 2677 300 2739 28.
319 2677 418 2759 Atque
434 2676 522 2737 etiam
535 2671 738 2748 definitiones,
753 2672 815 2733 aliae
823 2672 888 2741 sum

144 2762 147 2797 l
207 2762 417 2845 partitionum,
440 2757 502 2817 aliae
527 2755 711 2816 divisionum.
752 2752 889 2818 Partitio-

208 2862 301 2912 num‚
328 2860 416 2920 quum
433 2858 479 2898 res
498 2857 554 2908 ea,
576 2856 641 2916 quae
656 2838 808 2914 proposita
824 2835 888 2912 est,

144 2950 148 2973 ·
209 2921 292 3003 quasi
307 2920 336 2976 in
353 2917 483 2978 membra
501 2915 667 2995 discerpitur
685 2934 692 2970 :
717 2932 765 2985 ut,
782 2918 805 2973 si
825 2920 888 2995 quis

211 3001 255 3082 ius
272 2999 357 3064 civile
375 2998 451 3059 dicat
468 2995 497 3054 id
518 2992 593 3066 esse,
614 2994 694 3075 quod
709 2996 739 3053 in
759 2994 888 3075 legibus,
