2400 4067
223 392 519 460 Rari-orrea
545 395 650 461 Lrn.
676 396 731 465 ΙΙ.
782 419 856 491 309

168 525 242 581 tur,
260 509 330 567 nihil
348 510 465 568 attineat
481 527 545 568 eam
561 528 598 567 ex
615 508 681 590 lege
697 512 861 573 considera·

174 610 232 662 re,
254 593 364 670 quippe
390 610 452 669 quae
470 590 499 647 in
520 589 587 670 lege
610 589 713 670 scripta
734 597 860 654 nonsit.

174 670 273 749 Quod
294 674 317 729 si
332 672 370 729 sit
387 668 544 728 institutum
563 691 573 742 ;
595 672 730 730 omnibus
749 671 861 733 causam

175 750 238 810 dari
255 796 264 825 ,
282 748 506 831 &potestatem
524 752 687 830 peccandi,
705 774 798 834 quum
815 756 863 812 in-

173 832 360 905 tellexerint,
373 854 429 891 vos
443 853 482 890 ex
497 834 616 913 ingenio
631 830 712 911 ejus,
726 836 776 915 qui
790 856 863 893 con·

170 930 221 971 ⁴tra
239 913 337 994 legem
354 912 475 985 fecerit,
491 934 553 971 non
569 933 606 972 ex
622 914 687 994 lege
698 959 707 986 ‚
720 917 754 973 in
772 936 860 995 quant

174 990 263 1084 jurati
277 994 355 1065 sitis,
372 1014 435 1053 rem
447 990 587 1071 judicare.
604 992 724 1054 Deinde
743 996 775 1054 &
790 998 861 1076 ipsis

174 1074 319 1154 judicibus
333 1071 499 1152 judicandi,
519 1076 551 1134 &
568 1078 672 1135 ceteris
687 1076 798 1135 civibus
815 1079 863 1136 vi-

174 1154 268 1214 vendi
282 1157 406 1215 rationes
421 1156 620 1236 perturbatum
633 1158 688 1229 iri,
702 1159 726 1215 si
738 1155 828 1217 semel
844 1181 861 1219 a
898 1182 900 1189 ’

175 1236 290 1318 legibus
305 1234 444 1296 receffutn
459 1240 505 1295 sit.

223 1335 289 1395 132.
310 1316 388 1375 Nam
413 1318 444 1375 &
466 1313 577 1394 judices
601 1336 697 1397 neque
720 1318 789 1397 quid
812 1318 861 1379 se-

176 1415 319 1479 quantur,
334 1398 500 1470 habitur0s‚
518 1397 589 1455 siah
608 1417 665 1469 eo,
678 1398 759 1477 quod
771 1397 862 1479 scrip·
914 1416 916 1420 ⁴

175 1496 241 1537 tum
257 1481 311 1553 sit,
324 1478 479 1538 recedant:
495 1498 611 1558 neque,
627 1499 686 1558 quo
702 1479 788 1558 pado
804 1482 863 1540 aliis

175 1559 344 1639 improbare
357 1560 468 1638 possint
480 1603 489 1632 ,
501 1558 583 1639 quod
595 1575 696 1617 contra
709 1559 807 1641 legem
819 1559 864 1640 ja-

173 1640 301 1699 ·dicarint
324 1660 330 1697 :
353 1640 385 1698 &
406 1657 519 1699 ceteros
540 1642 646 1711 cives,
665 1640 735 1719 quid
754 1660 863 1722 agant,

172 1723 185 1780 i
208 1737 392 1794 notatores,
416 1723 439 1779 si
456 1741 491 1780 ex
510 1719 561 1779 suo
579 1718 697 1801 quisque
715 1723 862 1797 consilio,

179 1742 213 1860 dg(
230 1822 268 1861 ex
281 1804 412 1873 tatione,
428 1822 490 1883 quae
506 1803 536 1859 in
552 1818 703 1873 mentem,
720 1819 768 1861 aut
785 1805 815 1862 in
829 1806 865 1864 li·

176 1882 309 1942 bidinem
326 1884 461 1954 vener-it,
479 1904 541 1941 non
557 1903 594 1942 ex
613 1886 761 1942 communi
784 1906 862 1965 prae-

173 1962 286 2043 scripto
305 1965 428 2023 civitatis
438 1983 673 2043 unamquamque
690 1984 753 2023 tem
767 1966 864 2026 admi-

178 2042 316 2104 instrabit,
329 2043 433 2103 Postea
445 2064 573 2123 quaerere
588 2066 605 2101 a
619 2040 762 2121 judicibus
776 2048 863 2126 ipsis,

180 2146 269 2207 quare
288 2127 316 2183 in
335 2126 434 2183 alienis
452 2124 635 2182 detineantur
648 2129 773 2203 negotiis
792 2148 798 2184 :
815 2150 866 2187 cur

178 2206 345 2286 reipublicae
362 2222 482 2262 munere
497 2203 706 2281 impediantur,
718 2226 806 2283 quum
819 2206 868 2266 sae-

178 2291 244 2369 pius
262 2285 338 2345 seriis
353 2283 408 2341 suis
423 2283 509 2342 rebus
528 2282 742 2341 &commodis
760 2284 867 2348 servire

179 2368 321 2449 possint:
341 2385 390 2422 cur
414 2366 443 2421 in
466 2379 545 2423 certa
562 2363 655 2423 verba
675 2360 796 2441 jurent:
817 2389 867 2428 cur

175 2451 266 2507 -oert'o
287 2463 422 2525 tempore
444 2446 647 2518 conveniant,
670 2462 751 2504 certo
774 2446 867 2509 disce·

180 2529 277 2588 dant:
295 2526 364 2586 nihil
378 2524 526 2607 quisquam
543 2522 644 2585 afferat
662 2524 772 2601 causa,
789 2524 867 2610 qtio-

179 2612 276 2669 minus
294 2602 461 2689 frequent‘er
476 2627 598 2687 operam
613 2606 779 2687 reipublicae
796 2612 866 2689 det,

181 2691 239 2749 nisi
256 2710 319 2768 quae
337 2688 418 2748 causa
434 2690 464 2749 in
481 2688 547 2770 lege
565 2704 688 2769 excepta
703 2692 739 2750 sit
757 2712 764 2748 ε
783 2714 819 2751 an
837 2694 866 2754 se

180 2768 297 2849 legibus
317 2766 467 2827 obstridos
489 2772 519 2828 in
544 2771 629 2829 rantis
653 2769 790 2830 molestiis
809 2772 866 2834 esse

178 2869 301 2929 aequum
322 2847 476 2918 censeant,
494 2848 670 2911 adversarios
690 2850 802 2916 nostros
822 2854 878 2914 le-.

179 2950 238 3013 ges
256 2929 404 3011 negligere
422 2929 594 2991 concedant.
