2400 4067
646 731 767 786 ,ιω
818 707 1352 783 ΗεκεΝΝιυΜ
1403 708 1482 781 ι.
1535 707 1579 779 I
1590 711 1668 779 V.
1758 730 1874 806 99

507 847 669 885 *entes
693 866 708 891 ,
748 845 924 881 ceteros
947 863 963 889 ‚
1002 832 1068 880 ad
1104 849 1218 898 quos
1251 831 1380 882 ridet
1408 827 1488 898 sui
1529 832 1765 882 dedecoris
1800 833 1880 882 in·

504 902 706 974 famiam
740 903 993 973 pertinere.
1048 904 1182 976 Quid
1213 904 1378 973 postea
1403 904 1432 954 ,⁹
1481 922 1593 971 quos
1632 920 1880 972 tantopere

509 981 680 1029 timeat
699 1012 713 1037 ,
746 995 825 1028 eos
850 975 1025 1046 neceffe
1056 977 1119 1041 est
1138 1012 1155 1035 ,
1192 992 1247 1027 ut
1265 1013 1281 1037 ,
1317 994 1498 1046 quoquo
1528 979 1666 1028 modo
1685 979 1839 1045 possit
1860 1014 1880 1036 ,

513 1051 740 1122 veneficio
776 1066 934 1120 petat.
985 1052 1080 1100 Cur
1098 1052 1124 1102 .9
1170 1051 1279 1119 quia
1321 1051 1459 1101 nulla
1498 1050 1656 1119 potest
1692 1051 1882 1114 honesta

507 1126 639 1177 ratio
672 1125 875 1175 retinere
904 1142 1007 1174 eam
1027 1142 1047 1181 ,-
1082 1143 1218 1192 quam
1245 1124 1514 1196 mayn-itudo
1544 1124 1736 1193 peccati
1754 1123 1886 1192 facit

512 1198 755 1255 timidam,
785 1199 1150 1267 intemperantia
1170 1201 1422 1256 audacem,
1449 1214 1619 1249 natura
1645 1197 1885 1248 muliebris

510 1272 925 1323 inconsideratam.
967 1271 1101 1344 Quid
1125 1273 1341 1343 veneficii
1369 1275 1670 1322 damnatam.
1663 1272 1686 1305 9
1723 1273 1866 1339 quid.
1858 1271 1882 1304 9

504 1346 746 1416 putabant
785 1345 1063 1413 impudicam
1106 1364 1284 1414 quoque
1327 1344 1597 1412 neceffario.
1656 1344 1819 1396 Ouare
1853 1344 1883 1395 ,9

513 1419 623 1488 quia
652 1418 789 1469 nulla
813 1416 1012 1486 facilius
1044 1421 1109 1468 ad
1136 1419 1190 1469 id
1220 1419 1498 1488 maleficium
1528 1397 1706 1486 causa
1689 1453 1706 1476 ,
1747 1418 1884 1487 qudm

514 1492 664 1575 turpis
686 1507 855 1552 amor,
898 1492 943 1542 ὃ·
950 1493 1279 1575 intemperans
1299 1493 1448 1541 libido
1478 1509 1763 1542 commovere
1790 1510 1886 1560 po·

514 1565 651 1614 tuit:
681 1582 816 1631 quum
838 1596 853 1622 ,
888 1564 1014 1628 cujus
1046 1566 1222 1613 animus
1244 1564 1450 1613 mulieris
1483 1562 1592 1629 effet
1611 1580 1884 1632 corruptus,

519 1636 615 1703 ejus
653 1653 819 1704 corpus
856 1636 1024 1698 castum
1062 1633 1149 1701 effe
1184 1653 1282 1686 non
1309 1650 1612 1704 putaverunt.
1668 1636 1802 1709 Quid
1837 1639 1888 1688 in

518 1709 635 1761 viris
657 1748 668 1759 .
660 1709 887 1758 ’idemne
908 1709 995 1758 hoc
1015 1707 1371 1758 observabant?
1393 1706 1594 1759 minime.
1623 1708 1756 1781 Quid
1774 1711 1885 1763 ita?

519 1783 632 1852 quia
659 1781 788 1832 viros
815 1783 879 1831 ad
908 1778 1253 1850 unumquodque
1284 1781 1563 1852 maleficium
1590 1783 1781 1851 singula
1811 1802 1888 1834 cu·

505 1857 743 1925 ³piditates
776 1856 1024 1924 impellunt
1062 1871 1079 1904 .·
1114 1855 1331 1906 mulieres
1365 1857 1431 1905 ad
1461 1856 1618 1906 omnia
1653 1856 1888 1927 maleficia

515 1930 753 1996 cupiditas
791 1943 887 1979 una
926 1929 1072 1979 ducit.
1118 1930 1240 1980 hem
1265 1963 1284 1987 ,
1332 1929 1467 1980 Bene
1504 1929 1703 1995 majores
1743 1932 1889 1994 nostri

516 2003 605 2052 boc
636 2015 1059 2070 comparaverunt,
1094 2013 1147 2051 ut
1176 2002 1402 2052 neminem
1428 2019 1579 2071 regern
1602 2038 1617 2062 ‚
1653 2021 1782 2071 quem
1805 2023 1886 2055 ar-

509 2076 602 2125 -mis
644 2074 864 2143 cepiffient
887 2102 909 2134 ,
949 2076 1053 2125 vita*
1082 2076 1347 2144 privarent.
1398 2075 1533 2148 Quid
1570 2077 1673 2128 ita.
1665 2078 1690 2111 9
1732 2079 1840 2145 quia
1865 2112 1882 2139 ,

514 2167 651 2217 quam
690 2149 824 2199 nobis
852 2146 1136 2214 facultatem
1164 2148 1366 2216 fortuna
1406 2148 1598 2216 dediffet
1620 2185 1637 2207 ‚
1678 2151 1885 2218 iniquum

516 2238 619 2271 erat
658 2222 707 2271 in
748 2240 904 2271 eorum
935 2218 1176 2308 supplicio
1220 2219 1485 2288 consumere
1509 2255 1525 2281 ‚
1568 2241 1681 2289 quos
1725 2226 1886 2274 eadem

507 2293 710 2361 fortuna
732 2295 881 2362 paulo
911 2294 1020 2344 ante
1051 2295 1103 2344 in
1132 2296 1417 2362 amplissimo
1434 2295 1564 2356 statu
1597 2295 1886 2348 collocarat.

523 2369 656 2438 Quid
681 2367 803 2433 quod
830 2368 1083 2416 exercitum
1113 2368 1281 2416 contra
1313 2367 1450 2415 duxit
1471 2367 1498 2416 ,9
1538 2367 1690 2432 desino
1726 2369 1888 2418 memi-

519 2438 653 2503 niffe.
687 2439 818 2507 Quid
851 2440 921 2484 ita
942 2438 967 2485 ,9
1015 2439 1123 2503 quia
1153 2439 1247 2486 viri
1272 2437 1419 2502 fortis
1440 2438 1504 2497 est
1525 2471 1543 2493 ‚
1586 2439 1664 2503 qui
1697 2442 1752 2487 de
1787 2442 1892 2489 vic-

521 2511 652 2560 toria
672 2510 961 2558 contendant
976 2540 991 2564 ,
1028 2525 1105 2555 eos
1125 2508 1272 2566 hostes
1287 2521 1455 2572 putare
1476 2524 1493 2562 ‚·
1526 2509 1602 2570 qui
1621 2509 1730 2555 vieti
1744 2508 1857 2573 sunt
1872 2545 1889 2569 ,

526 2600 606 2632 eos
645 2580 849 2629 homines
880 2578 1096 2643 judicare
1121 2612 1139 2633 ,
1184 2592 1237 2625 ut
1263 2577 1415 2643 possit
1450 2575 1622 2624 Bellum
1649 2576 1892 2641 fortitudo

523 2655 727 2705 minuere
751 2687 765 2712 ,
796 2668 962 2720 pacem
982 2649 1243 2700 humanitas
1269 2666 1451 2717 augere.
1485 2648 1557 2698 At
1585 2647 1672 2697 ille
1693 2684 1711 2706 ,
1750 2651 1793 2700 ,ςὶ
1821 2652 1894 2702 vi.

521 2727 684 2794 ciffct,
721 2745 828 2776 num
851 2727 971 2774 idem
965 2722 1201 2808 ‘fectffen
1193 2723 1218 2755 9
1250 2741 1343 2772 non
1361 2720 1570 2789 profesto
1591 2735 1686 2770 tam
1697 2720 1892 2791 sapiens

511 2799 694 2869 fuiffet.
747 2800 880 2872 Quid
909 2798 1056 2867 igitar
1086 2798 1131 2847 ei
1157 2796 1355 2864 parcis.
1345 2795 1370 2844 ,9
1412 2795 1520 2862 quia
1551 2795 1694 2845 talem
1723 2798 1892 2860 stulti..

521 2877 636 2925 tiam
666 2889 988 2928 contemnere,
1020 2890 1114 2922 non
1145 2870 1322 2920 imitari
1343 2867 1580 2936 consuevi
1603 2869 1719 2920 Haec
1747 2892 1892 2925 emt*

519 2949 652 2999 natio
682 2948 742 2997 ad
766 2948 1033 2998 sermonem
1056 2946 1369 2995 vehementer
1392 2945 1807 2996 accommodatae

524 3024 576 3074 δι
600 3023 807 3072 animum
824 3020 1058 3070 auditoris
1087 3020 1268 3070 retinet
1290 3029 1525 3067 attentum
1546 3051 1560 3076 ,
1583 3030 1684 3067 tum
1710 3035 1809 3073 vett

523 3107 625 3146 tate
659 3095 889 3144 sermonis
913 3128 927 3153 ,
963 3106 1069 3143 tum
1099 3094 1336 3142 rationum
1367 3091 1743 3156 exspefkatione.

598 3167 806 3218 XVII.
847 3167 1095 3216 Sententia
1131 3165 1197 3216 est
1232 3165 1390 3214 orado
1427 3165 1609 3230 sumpta
1646 3163 1710 3215 de

523 3258 630 3310 quae
658 3253 741 3292 aut
763 3239 875 3309 quid
899 3240 959 3291 sit
983 3272 998 3298 ,
1034 3254 1114 3289 aut
1138 3238 1251 3306 quid
1284 3238 1376 3289 effe
1412 3248 1640 3306 oporteat
1670 3236 1717 3288 in

1556 3307 1664 3380 Eij
