2400 4067
319 489 396 564 250
449 471 522 540 Da
549 472 883 542 Iuranrrour.

320 583 463 659 nascitur,
486 606 575 667 quum
596 583 716 658 servus,
739 605 776 643 an
796 584 897 659 liher3
939 602 1020 646 ecu-

320 665 437 738 niosus‚
457 688 493 726 an
505 686 637 747 pauper3
656 664 762 726 nobilis
775 711 786 741 ,
804 687 840 725 an
851 604 1013 749 ignoltilis3

320 744 415 821 felix,
434 769 471 807 an
486 747 609 818 infelix3
630 749 779 828 privatus,
801 769 838 807 an
855 750 887 806 in
907 763 1013 828 potes·

321 843 381 889 tate
399 831 434 887 sit
448 874 458 903 ,
476 846 524 888 aut
538 827 645 902 fuerit,
666 846 714 888 aut
728 826 839 887 futurus
853 830 913 904 sit,
935 849 1014 889 con·

322 907 460 969 sideratur
475 931 482 969 ι
497 929 545 969 aut
556 909 682 990 denique
694 909 801 990 aliquid
813 929 918 970 eorum
931 931 1014 992 quae·

321 991 415 1061 ritur,
440 1012 503 1131 Ἑρ
523 990 648 1051 fortunae
668 989 724 1051 elle
744 991 881 1051 attributa
901 991 1014 1052 intelli-

343 1088 438 1131 untur.
484 1072 576 1132 abitus
589 1089 708 1146 autem,
724 1073 862 1153 quoniam
875 1075 906 1132 in
917 1073 1014 1154 aliqua

322 1091 499 1234 dtperfedla
510 1155 542 1214 &
556 1151 697 1213 constanti
710 1154 818 1227 animi,
835 1171 885 1214 aut
902 1175 1017 1236 corpo·

321 1234 360 1293 ris
373 1234 554 1295 absolutione
568 1232 695 1295 consistit
707 1255 716 1307 ;
734 1254 793 1315 quo
805 1235 834 1293 in
848 1254 960 1318 genere
972 1231 1013 1296 est

322 1317 439 1389 virtus,
459 1314 600 1389 scientia,
624 1316 656 1374 &
676 1336 740 1397 quae
761 1320 906 1376 contraria
924 1314 989 1376 sunt
1001 1360 1016 1391 ,

324 1415 370 1455 res
389 1395 470 1477 ipsa,
492 1397 577 1456 causi
597 1396 715 1476 positi,
739 1396 882 1470 docebit,
904 1415 941 1457 ec
983 1397 1013 1458 id

323 1475 371 1535 hic
423 1499 499 1558 oque
509 1478 591 1537 locus
599 1476 765 1557 suspicionis
774 1476 918 1539 ostendat.
966 1499 1014 1539 am

324 1554 380 1617 affe
409 1559 483 1619 ionis
504 1559 624 1640 quidem
643 1560 717 1617 ratio
737 1557 918 1640 perspicuam
937 1559 1014 1622 solet

323 1638 433 1733 praese
455 1660 556 1721 gerere
579 1636 798 1717 conjedluram,
823 1656 878 1716 ut,
903 1661 1013 1716 amor,

323 1720 494 1796 iracundia,
515 1719 674 1780 molestia:
696 1738 854 1801 propterea
874 1722 957 1803 quod
979 1722 1013 1783 δι

323 1799 450 1881 ipsorum
467 1805 512 1862 vis
530 1802 716 1884 intelligitur,
739 1801 793 1874 δι,
813 1822 877 1882 quae
893 1822 942 1863 res
958 1803 1015 1864 lra-

322 1902 388 1942 rum
413 1882 539 1963 aliquam
563 1903 627 1943 rem
651 1880 888 1964 consequantur,
911 1882 1015 1946 faciles

324 1964 445 2045 cognitu
460 1962 534 2023 sunt.

370 2062 417 2123 31·
431 2043 565 2103 Studium
578 2060 676 2103 autem
690 2045 829 2123 quoniam
842 2041 885 2105 est
899 2045 1013 2105 assidua

240 2143 243 2148 ’
326 2121 360 2185 &
371 2125 530 2186 vehemens
540 2125 577 2184 ad
588 2125 713 2205 aliquam
726 2145 788 2185 rem
800 2147 836 2206 ap
858 2126 943 2186 licata
953 2149 1014 2186 ma·

324 2226 460 2288 gnaeum
470 2208 621 2266 voluntate
634 2207 810 2287 occupatio,
827 2147 912 2268 facile
923 2227 960 2269 ex
973 2228 1013 2269 eo

324 2288 447 2348 ducetur
461 2290 698 2371 argumentatio,
716 2308 801 2369 quam
818 2308 864 2348 res
881 2285 941 2369 ipsa
958 2289 1014 2351 de-

325 2368 463 2429 siderabit
478 2371 506 2428 in
521 2368 613 2429 causa.
633 2369 707 2430 Item
725 2389 761 2429 ex
778 2369 899 2429 consilio
914 2367 1015 2431 sume-

323 2464 370 2508 tur
383 2450 490 2530 aliquid
502 2450 666 2530 suspitionis
682 2472 688 2509 ε
703 2471 771 2510 nam
783 2450 936 2511 consilium
948 2449 991 2512 est
1003 2495 1014 2528 ,

324 2530 432 2610 aliquid
453 2529 600 2605 faciendi,
625 2552 685 2590 non
704 2530 869 2593 faciendive
890 2535 1015 2628 excogi-

324 2625 386 2669 tata
396 2612 480 2670 ratio.
499 2611 571 2671 Item
586 2611 681 2685 sada,
698 2612 729 2671 dt
743 2611 839 2687 casus,
856 2612 889 2672 &
902 2631 1016 2675 oratio-

325 2710 401 2763 nes,
419 2690 555 2771 quaesunt
567 2695 686 2765 omnia,
699 2709 730 2750 ut
741 2695 769 2751 in
783 2691 1016 2758 confirmationis

325 2774 480 2853 praeceptis
496 2773 602 2833 diuum
618 2771 682 2843 est,
696 2774 726 2830 in
739 2776 792 2832 tria
804 2791 864 2836 tem
887 2796 939 2836 ora
955 2775 1016 2838 dis·

323 2852 431 2912 tributa
442 2900 451 2927 ,
467 2853 552 2915 facile
563 2857 617 2915 erit
628 2854 730 2914 videre
741 2899 751 2928 ,
768 2798 885 2937 ecquid)
890 2856 1016 2919 afferant

320 2932 361 2992 ad
379 2932 574 2995 con'edluram
591 2933 819 2996 confirmandam
836 2936 1017 3018 suspicionis.

363 3012 404 3080 X.
422 2957 470 3078 tle
484 3014 615 3100 personis
628 3017 749 3101 quidem
759 3038 806 3082 reo
822 3038 865 3082 eae
880 3017 946 3082 sunt
961 3037 1015 3084 at·

185 3185 282 3320 Ὗ
