2400 4067
326 415 406 497 ‘24‘4
453 405 527 474 Dr
553 391 885 475 Iurnur'rour

325 521 413 595 fecit,
426 525 536 605 impetu
549 520 678 603 quodam
691 521 780 580 animi
793 521 894 601 potius
905 564 918 595 ,
935 518 1020 604 quim

325 606 502 685 cogitatione
520 602 631 663 fecerit.
715 588 748 634 Χ

373 683 633 744 18.·Ratiocinatio
649 697 768 754 aurem,
789 678 831 742 est
845 680 977 766 diligens
990 683 1022 744 &

326 765 509 825 considerata
524 763 649 824 faciendi
669 761 802 843 aliquid,
822 779 875 823 aut
894 783 963 824 non
981 763 1021 825 fa·

325 845 421 905 ciendi
442 847 626 927 excogitatio.
650 842 693 902 Ea
713 843 816 902 dicitur
838 859 906 903 tum
927 846 1020 905 inter-

325 923 429 998 fuille,
449 946 537 1005 quum
556 925 663 1006 aliquid
676 923 841 984 faciendum
857 969 868 998 ‚
892 941 1019 984 autnon

325 1005 490 1066 faciendum
502 1051 511 1078 ‚
532 1022 611 1066 certa
622 1005 658 1064 de
674 1002 754 1064 causa
765 1002 868 1065 vitalle
880 1050 891 1079 ,
913 1022 967 1066 aut
977 1004 1020 1067 se·

324 1103 406 1146 cutus
421 1084 477 1146 elle
489 1090 599 1147 animus
612 1085 750 1159 videtur,
770 1100 823 1156 ut,
844 1086 869 1143 si
886 1089 1018 1146 amicitia·⁴

325 1167 394 1246 quid
407 1166 492 1227 causi
503 1166 611 1228 fadum
623 1166 755 1239 dicetur,
774 1167 797 1226 si
809 1167 922 1225 inimici
933 1167 1018 1227 ulcis-

323 1247 430 1322 cendi,
447 1251 470 1308 si
484 1249 600 1319 medis,
616 1248 640 1306 si
650 1246 750 1328 gloriae
761 1291 771 1318 ‚
786 1248 810 1306 si
821 1244 961 1327 pecuniae'
972 1293 982 1321 ,
995 1249 1017 1308 si

325 1328 474 1409 denique,
498 1346 530 1387 nt
549 1329 650 1389 omnia
671 1328 831 1408 generatim
853 1328 1016 1410 amplesta·

323 1427 411 1482 mur,
429 1407 547 1488 alicujus
561 1405 727 1480 retinendi,
743 1407 894 1488 augendi,
912 1410 1017 1491 adipis·

324 1490 449 1551 cendive
467 1488 641 1562 commodi,
659 1504 707 1546 aut
721 1504 825 1547 contra
843 1485 1015 1568 rejiciendi,

324 1568 523 1644 diminuendi,
541 1567 728 1632 devitandive
745 1569 935 1630 incommodi
952 1591 1027 1639 cau«,

325 1650 368 1710 sd.
392 1649 469 1711 Nam
487 1651 593 1711 horum
613 1653 643 1707 in
664 1669 754 1730 genus
776 1648 951 1711 alterutrum
969 1651 1016 1712 illa

346 1751 442 1813 uoque
455 1731 601 1802 incident,
619 1732 650 1788 in
665 1729 767 1810 quibus
785 1746 834 1789 aut
847 1733 1016 1793 incommo-

324 1752 395 1871 dum
418 1812 535 1892 aliquod
556 1807 675 1888 majoris
696 1810 807 1869 vitandi
830 1813 1015 1873 incommodi

321 1892 430 1964 causi,
450 1909 498 1951 aut
519 1890 638 1970 majoris
661 1889 835 1971 adipiscendi
861 1890 1015 1955 'commodi

323 1970 489 2053 suscipitur:
504 1989 552 2031 aut
570 1972 761 2032 commodum
780 1972 903 2054 aliquod
917 1973 1014 2056 majo-

323 2054 361 2112 ris
377 2052 552 2134 adipiscendi
570 2052 743 2127 commodi,
761 2070 810 2112 aut
829 2053 1015 2135 majoriavi·

324 2133 404 2193 tandi
420 2133 625 2207 incommodi,
642 2134 810 2215 praeteritur.

369 2233 415 2294 19.
436 2216 494 2275 Hic
512 2214 593 2276 locus
610 2218 680 2274 sicut
697 2214 815 2296 aliquod
833 2212 1013 2278 fundamen-

323 2312 387 2356 tum
396 2293 438 2357 est
447 2294 531 2375 hujus
543 2294 751 2356 constitutionis
765 2317 772 2355 t
788 2301 861 2355 narn
868 2297 941 2358 nihil
956 2297 1014 2357 fac·

322 2393 386 2434 rum
404 2375 461 2437 esse
478 2380 612 2457 cuiquam
625 2378 788 2457 probatur,
807 2379 861 2435 nisi
882 2378 1012 2460 aliquid,

323 2477 413 2536 quare
423 2456 529 2516 factum
547 2461 604 2528 sit,
622 2455 789 2516 ostenditur.
804 2456 885 2539 Ergo
900 2459 1013 2520 accusa-

322 2552 393 2608 tor,
413 2558 502 2617 quum
518 2537 625 2616 aliquid
641 2537 815 2618 impulsione
832 2538 943 2600 tatium
957 2538 1011 2601 elle

323 2615 421 2688 dicet,
436 2615 518 2676 illum
530 2618 670 2696 impetum
682 2662 692 2689 ‚
711 2618 744 2676 &
756 2620 917 2699 quamdam
930 2642 1012 2682 com·

322 2698 487 2757 motionem
510 2698 618 2767 animi,
644 2695 886 2782 affedlionemque
911 2703 1010 2763 verbis

324 2777 358 2838 ὅ(
370 2776 515 2838 sententiis
526 2775 701 2857 amplificare
713 2778 830 2840 debebit
842 2826 851 2854 ‚
869 2781 902 2841 &
916 2780 1013 2843 osten-

324 2858 415 2932 dere,
433 2862 592 2940 quantavis
605 2861 710 2918 amoris
723 2861 778 2933 sit,
798 2878 907 2942 quanta
922 2865 1012 2923 animi

300 3022 303 3026 Ι
322 2940 501 3020 perturbatio
515 2960 550 3001 ex
558 2940 706 3003 iracundia
717 2939 787 3018 fiat,
806 2959 854 3003 aut
866 2962 904 3005 ex
915 2945 1013 3028 aliqua
