2400 4067
352 893 414 956 'Ao
440 885 710 955 Harenatium
735 884 776 957 L.
804 887 831 955 I.
897 906 944 980 17

255 1002 426 1055 testamentum
451 1006 502 1073 ipso
524 1007 643 1072 praesente
665 995 844 1062 conscribunt3
874 1005 946 1055 testes

255 1077 305 1127 rite
323 1078 443 1130 affuerunt
455 1097 463 1130 z
476 1081 507 1128 de
523 1081 566 1128 illo
587 1079 728 1144 supplicium
744 1076 817 1144 paulo
836 1075 886 1143 posi
906 1078 947 1127 su·

255 1152 341 1200 mitur.
363 1153 401 1211 li,
423 1153 464 1219 qui
481 1153 585 1202 heredes
606 1164 674 1201 erant
692 1149 855 1208 testamento,
873 1151 946 1200 here-

256 1224 357 1274 ditatem
374 1226 473 1275 adeunt.
491 1225 577 1274 frater
591 1226 670 1274 minor
684 1223 817 1281 Malleoli,
835 1223 874 1289 qui
890 1240 946 1272 eum

254 1312 440 1364 oppugnaverat
456 1301 481 1347 in
503 1297 555 1363 ejus
575 1299 704 1363 periculo,
725 1297 789 1346 suam
808 1310 882 1345 vocat
901 1297 946 1345 he·

253 1371 385 1420 reditatem
403 1374 459 1438 lege
476 1371 621 1438 agnationis.
645 1371 692 1420 Hic
710 1384 777 1420 certa
794 1372 834 1419 lex
853 1369 877 1419 in
895 1386 946 1420 rem
964 1374 972 1385 ’

255 1447 323 1494 nulla
349 1444 470 1503 affertur,
494 1447 521 1495 &-
543 1458 625 1495 tamen
649 1447 729 1494 multae
754 1443 906 1502 afferuntur,
932 1459 947 1493 e

256 1519 344 1583 quibus
360 1519 513 1569 ratiocinatio
530 1519 654 1576 nascitur,
673 1534 746 1584 quare
761 1518 886 1582 potuerit,
905 1529 947 1568 aut

258 1609 309 1641 non
323 1594 434 1657 'pomerit
454 1591 507 1655 jure
525 1592 693 1642 testamentum
709 1591 799 1640 facere.
824 1589 948 1641 Constitu·

258 1665 296 1713 tio
310 1665 416 1731 legitima
433 1665 466 1713 est
480 1683 511 1715 ex
524 1665 719 1715 ratiocinatione.
737 1662 878 1729 Cuiusmodi
893 1681 947 1730 pan

258 1749 298 1785 tes
326 1736 402 1786 essent
428 1739 540 1802 legitimae
570 1732 743 1786 constitutionis
773 1736 916 1787 ostendimus
937 1753 944 1788 ι

261 1825 326 1858 nunc
345 1809 375 1857 de
392 1807 517 1873 juridiciali
535 1809 704 1857 constitutione
721 1808 836 1857 dicantus.

299 1880 373 1931 XIV.
388 1879 530 1932 Juridicialis
550 1880 689 1930 constitutio
700 1878 752 1937 est,
774 1897 845 1946 quum
860 1880 947 1931 sadum

261 1953 397 2012 convenit,
416 1954 456 2003 sed
470 1953 542 2019 jure,
560 1970 590 2003 an
607 1952 694 2019 injurii
710 1953 795 2002 sadum
810 1955 860 2012 sit,
882 1972 947 2020 quae·

258 2027 331 2076 titur.
354 2025 412 2093 Ejus
432 2026 607 2077 constitutionis
625 2041 705 2093 partes
721 2026 774 2077 sunt
793 2027 867 2084 duae,
887 2045 948 2093 qua-

228 2159 235 2165 ·
259 2117 314 2150 rum
333 2117 381 2149 una
400 2100 527 2160 absoluta,
547 2103 624 2150 altera
644 2099 781 2166 assumptiva
801 2101 947 2154 nominatur.

261 2173 381 2224 Absoluta
397 2173 448 2232 est,
469 2191 541 2239 quum
557 2175 581 2223 id
600 2173 693 2239 ipsum,
712 2173 777 2240 quod
793 2175 880 2224 fastum
897 2175 945 2234 est,

259 2258 289 2297 ut
304 2247 369 2296 aliud
391 2247 450 2297 nihil
466 2249 524 2298 foris
543 2247 669 2297 assumatur
686 2280 693 2305 ,
713 2246 779 2297 reste
796 2248 883 2297 sadum
899 2246 948 2299 esse
1029 2258 1031 2262 ⁴

260 2319 379 2370 dicemus.
402 2320 437 2369 Ea
454 2320 487 2370 est
503 2320 638 2386 hujusmodi
655 2337 662 2369 :
682 2319 771 2370 Mimos
792 2322 885 2388 quidam
900 2339 946 2372 no·

259 2393 374 2459 minutim*
389 2393 488 2444 Accium
514 2395 611 2462 postam
638 2392 789 2461 compellavit
816 2396 841 2444 iu
861 2392 946 2462 scena.

260 2469 319 2518 cnm
338 2485 366 2517 eo
384 2467 472 2516 Accius
491 2467 628 2528 injuriarum
649 2469 707 2535 agit.
732 2465 779 2516 Hic
799 2468 860 2517 nihil
879 2468 948 2517 aliud

259 2538 386 2605 defendit,
406 2540 452 2589 nisi
467 2540 538 2590 licere
554 2539 673 2590 nominari
686 2558 755 2599 eum,
773 2540 836 2608 cujus
852 2542 945 2592 nomine

256 2608 350 2679 scripta
364 2613 447 2662 dentur
460 2615 560 2681 agenda.
574 2612 723 2679 Assumptiva
737 2631 791 2680 pars
808 2614 854 2673 est,
873 2631 945 2681 quum

260 2701 305 2750 per
322 2683 346 2733 se
362 2683 472 2733 defensio
485 2684 577 2734 infirma
590 2685 642 2742 est,
660 2686 701 2734 sed
715 2685 828 2753 assumpti
843 2687 946 2738 extraria
962 2716 967 2721 ·

259 2773 289 2807 re
304 2758 484 2823 comprobatur.
497 2756 653 2822 Affumptivae
662 2771 743 2822 partes
756 2758 809 2808 sunt
826 2773 945 2826 quatuort

260 2831 390 2881 concessio
408 2830 530 2888 criminis,
548 2829 672 2889 remotio,
687 2829 828 2890 transsatio,
848 2848 948 2899 compa-

259 2904 333 2954 ratio.
351 2903 487 2954 Concessio
503 2902 554 2961 eti,
574 2909 646 2969 quum
663 2920 719 2953 reus
732 2904 835 2970 postulat
847 2906 891 2956 sibi
909 2907 950 2975 ig·

259 2977 337 3028 nosci.
356 2976 391 3026 Ea
409 2977 524 3027 dividitur
539 2976 564 3027 in
578 2976 764 3044 purgationem,
786 2979 812 3029 dt
831 2979 947 3044 depreca-

259 3050 362 3101 tionem.
390 3049 504 3119 Purgatio
525 3049 581 3108 est,
604 3067 677 3116 quum
698 3049 813 3106 consulto,
827 3052 849 3102 se
872 3065 947 3121 negat

259 3139 318 3174 reus
338 3122 427 3174 secisse.
454 3125 491 3174 Ea
513 3124 627 3174 dividitur
648 3124 672 3173 in
693 3124 833 3183 fortunam,
854 3127 946 3192 impru-

244 3197 386 3256 dentiam,
404 3197 586 3248 necessitatem.
605 3197 664 3247 Fort
790 3199 898 3264 tCaepio
916 3201 946 3250 ad

259 3270 371 3319 tribunos
386 3271 453 3337 pleb.
469 3271 501 3321 de
515 3270 644 3321 amissione
662 3206 947 3376 *mpuden-

260 3340 340 3397 tiam,
362 3351 391 3390 ut
407 3343 469 3402 ille,
490 3345 531 3410 qui
553 3345 583 3393 de
602 3359 633 3392 eo
653 3342 668 3376 s
824 3345 946 3394 ¹¹ominum

259 3410 387 3478 credent
395 3444 406 3477 ‚
424 3413 566 3488 supplicium
578 3415 634 3486 iuml
842 3433 848 3469 r
869 3417 945 3478 esset,

497 3510 558 3529 sard.
