2400 4067
332 454 410 526 226
458 456 881 525 DaINVanrtoNr

268 625 271 631 .
330 566 388 629 esse
408 569 569 651 implicitas.
595 568 683 630 Nunc
703 569 740 630 de
759 568 950 630 conclusione
969 565 1019 627 di·

328 669 440 711 cemus.

372 730 438 792 Lll.
455 730 617 792 Conclusio
636 728 677 791 est
694 731 786 791 exitus
798 730 859 806 ,‚&
876 728 1021 790 determi-

329 815 412 873 natio
433 816 522 874 totius
542 815 691 873 orationis.
718 812 791 871 Haec
809 811 898 871 babet
918 828 1020 891 partes

330 910 391 954 tres
406 896 722 968 ,enumerationem
748 892 809 952 indi
829 894 985 953 nationem
1011 936 1020 967 ‚

330 973 581 1057 conquestionem.
593 974 781 1035 Enumeratio
792 913 852 1047 ed,
863 993 1020 1055 perquam

330 1076 378 1117 res
399 1055 546 1138 disperse,
570 1057 603 1117 &
628 1054 728 1115 diffuse
749 1053 855 1129 dicta,
874 1075 968 1115 unum
989 1056 1020 1114 in

329 1136 430 1197 locum
449 1154 616 1221 coguntur,
638 1138 671 1197 ὃ(
688 1134 890 1196 reminiscendi
907 1135 1020 1208 causi,

329 1238 422 1277 unum
436 1217 487 1278 sub
506 1217 672 1299 adspedum
689 1216 886 1297 subjiciuntur.
904 1217 980 1277 Haec
995 1218 1021 1276 si

330 1297 446 1380 semper
462 1299 570 1360 eodem
589 1298 682 1358 modo
697 1298 885 1373 tractabitur,
903 1296 1019 1379 perspi-

331 1379 386 1439 cue
402 1381 439 1440 ab
460 1377 595 1442 omnibns
613 1378 734 1440 artificio
755 1380 886 1462 quodam
904 1378 1019 1439 tradari

330 1460 508 1544 intelligetur
524 1482 531 1520 :
548 1465 592 1521 sin
606 1462 686 1523 varie
702 1460 775 1535 fiet,
794 1462 825 1521 dt
842 1461 917 1520 banc
931 1458 1021 1541 suspi-

331 1544 450 1603 cionem
462 1542 667 1604 &satietatem
676 1545 769 1603 vitare
782 1544 903 1623 poterit.
915 1540 1020 1622 Quare
1051 1567 1054 1575 ·

329 1638 397 1682 tum
414 1625 566 1705 oportebit
580 1626 620 1683 ita
635 1623 732 1683 facere
746 1668 755 1697 ,
776 1639 807 1682 ut
847 1622 961 1705 letique
975 1621 1021 1682 fa-

330 1706 411 1764 ciunt
419 1722 542 1788 propter
550 1644 909 1787 facilitatem,singdlanm
917 1724 1021 1763 unam·

332 1806 480 1867 quamque
506 1807 568 1846 rem
595 1789 766 1869 attingere,
794 1786 888 1845 &ita
913 1805 1020 1845 omnes

332 1868 455 1928 transire
480 1867 608 1927 breviter
633 1868 899 1948 argumentationes
923 1886 931 1924 ε
955 1883 1019 1925 tum

332 1965 432 2008 autem
456 1947 511 2020 id,
533 1946 614 2027 quod
639 1945 780 2006 difficilius
806 1944 870 2020 est,
895 1946 1019 2020 dicere,

241 2030 247 2038 '
332 2050 404 2109 quas
424 2044 519 2111 partes
540 2026 706 2108 exposueris
726 2030 756 2087 in
764 2029 957 2168 partitione,
982 2028 1018 2087 de

374 2110 437 2169 ibus
454 2124 484 2168 te
507 2109 653 2189 pollicitus
673 2112 710 2168 sis
733 2109 762 2168 di
791 2130 898 2182 urum,
917 2110 950 2169 &
970 2129 1018 2168 re-

332 2130 440 2251 ddcere
460 2190 490 2248 in
509 2194 709 2264 memoriam,
734 2189 838 2271 quibus
858 2190 1018 2249 rationibus

332 2290 566 2354 unamquamque
591 2288 705 2353 partem
731 2269 908 2331 confirmaris
928 2292 935 2330 :
954 2287 1018 2330 tum

333 2354 371 2412 ab
390 2356 422 2411 iis
437 2399 449 2426 ‚
471 2355 521 2434 qui
539 2354 680 2427 audiunt,
698 2373 849 2434 quaerere,
868 2351 939 2433 quid
958 2354 1020 2426 sit,

333 2433 415 2514 quod
431 2434 485 2493 sibi
496 2435 575 2495 velle
593 2435 719 2495 debeant
734 2431 942 2507 demonstrari,
960 2433 1019 2491 hoc

331 2513 449 2573 modo:
466 2514 541 2573 Illud
558 2516 731 2587 docuimus,
749 2515 820 2574 illud
837 2512 957 2594 planum
975 2512 1021 2574 fe·

332 2597 433 2652 cimus.
455 2592 498 2654 Ita
518 2598 602 2656 simul
623 2598 658 2655 or
672 2598 702 2653 in
721 2598 894 2656 memoriam
911 2595 1019 2655 redibit

332 2674 471 2747 auditor,
494 2676 657 2758 &putabit
677 2676 745 2735 nihil
771 2675 826 2737 esse
849 2694 993 2758 praeterea
1013 2722 1023 2752 ‚

331 2755 413 2836 quod
432 2756 537 2817 debeat
554 2758 728 2817 desiderare.

373 2854 423 2915 99.
450 2837 550 2919 Atque
574 2839 605 2895 in
627 2838 669 2897 his
694 2840 872 2919 generibus,
896 2852 928 2896 ut
951 2837 1021 2897 ante

330 2916 439 2977 didum
469 2917 539 2991 est,
568 2934 631 2977 tum
657 2935 719 2977 tuas
749 2920 1021 3000 argumentationes

329 3001 450 3060 transire
468 2997 645 3082 separatim,
665 3016 728 3061 tum
748 3002 800 3077 id,
825 3000 907 3084 quod
925 2998 1020 3071 artili-¹
