2400 4067
335 484 412 576 256
461 488 536 566 Da·
562 486 898 553 INVENrroun

375 619 424 671 42.
440 599 555 679 Quarta
565 615 666 659 autem
675 620 740 679 pars
752 616 814 658 erat
827 619 864 659 ex
878 601 935 673 iis,
956 620 1032 680 quas

332 684 457 761 negotiis
474 681 641 742 dicebamus
658 681 713 740 elle
726 679 900 755 attributas,
922 680 1035 742 conse*-

334 763 424 820 cutio.
446 760 479 821 In
501 783 535 823 ea
576 777 725 822 uaeruntur·
740 781 800 834 ea,
823 782 889 841 quae
934 759 1026 822 esturu

334 844 487 923 negotium
497 784 667 914 consestim,
681 857 729 901 aut
740 861 776 901 ex
784 844 900 903 interva
925 866 946 902 ο
958 865 1027 903 con·

332 919 498 1004 sequuntur.
521 924 554 983 In
574 945 631 1005 qua
648 922 811 983 videbimus
830 942 933 1003 ecquae
951 945 1026 983 con-

332 1000 454 1063 suetudo
467 1008 502 1064 sit
515 1052 524 1077 ,
545 1025 643 1085 ecquae
658 1003 755 1079 allio,
774 1004 893 1085 ecquod
907 1002 972 1085 ejus
984 1005 1025 1066 rei

333 1082 484 1144 artificium
496 1088 550 1158 sit,
566 1101 615 1144 aut
627 1083 710 1158 usus,
725 1101 773 1144 aut
785 1086 958 1146 exercitatio
971 1087 1025 1146 ho·

332 1167 444 1224 minum
454 1212 465 1238 ‚
484 1182 533 1225 aut
544 1166 718 1246 approbatio
731 1211 740 1239 ,
758 1183 807 1225 aut
819 1163 948 1227 offensio
960 1188 969 1239 3
987 1187 1023 1228 ex
1040 1208 1043 1214 ·

331 1247 438 1326 quibus
451 1267 671 1328 nonnumquam
684 1246 797 1307 elicitur
812 1246 924 1330 aliquid
937 1245 1023 1330 suspi-

333 1346 435 1388 tronis·

375 1408 470 1470 XIII.
490 1408 563 1470 Sunt
583 1426 681 1470 autem
698 1407 800 1490 aliquae
818 1406 1022 1489 suspiciones,

335 1511 398 1570 quae
420 1492 666 1551 communiter&
690 1511 726 1550 ex
748 1493 963 1572 negotiorum,
989 1491 1021 1550 &

335 1590 371 1629 ex
391 1572 577 1653 personarum
596 1572 828 1631 attributionibus
847 1570 1023 1631 sumuntur:

334 1673 402 1711 nam
423 1655 455 1713 &
472 1675 508 1714 ex
524 1653 665 1726 fortuna,
687 1652 718 1711 ὃ(
736 1672 773 1711 ex
789 1669 913 1726 natura,
936 1653 1022 1713 &ex

334 1732 434 1807 vidu,
453 1732 569 1805 studIo,
590 1733 692 1807 factis,
712 1731 774 1791 casu
788 1778 797 1806 ,
817 1733 999 1793 orationibus
1011 1777 1026 1808 ,

334 1815 477 1889 consilio,
496 1816 527 1875 &
542 1835 577 1875 ex
592 1815 691 1873 habitu
703 1815 811 1887 animi,
827 1830 876 1873 aut
888 1815 1026 1895 corporis

332 1893 472 1976 pleraque
494 1898 641 1975 pertinent
664 1894 701 1953 ad
723 1894 838 1954 easdem
859 1915 907 1954 res
922 1940 936 1969 ,.
956 1917 1021 1976 quas

333 1994 396 2034 rem
419 1976 613 2048 credibilem,
636 1991 685 2034 aut
704 1975 904 2040 incredibilem
924 1974 1026 2037 facere·

331 2057 467 2135 possunt,
483 2058 515 2115 &
528 2078 593 2115 cum
606 2055 672 2116 fatti
682 2054 839 2140 suspicione
851 2055 1026 2139 junguntur.

373 2155 423 2215 43.
443 2138 572 2197 Maxime
589 2142 667 2198 enIm
682 2140 772 2218 quaeri
783 2155 904 2218 oportet
917 2141 947 2197 in
965 2139 1020 2198 hac

333 2218 560 2292 constitutione,
582 2220 707 2300 primbm
727 2221 893 2299 potueritne
913 2219 1026 2300 aliquid.

331 2295 395 2359 fieri
407 2322 413 2359 :
427 2300 532 2361 deinde
545 2322 640 2382 ecquo
653 2299 688 2359 ab
702 2300 758 2359 alio
772 2303 900 2381 potuerit
918 2322 925 2359 :
939 2300 1022 2361 dein·

331 2379 369 2440 de
384 2379 524 2453 facultas,
543 2382 579 2441 de
596 2404 653 2463 qua
669 2382 735 2441 ante
755 2382 896 2441 diximus:
912 2381 1025 2443 deiude

330 2465 426 2522 utrbm
442 2464 472 2522 id
485 2463 593 2522 facinus
609 2465 665 2535 sit,
681 2463 761 2542 quod
777 2463 920 2543 poenitere
934 2461 1027 2524 fuerit

331 2545 465 2604 necesse:
480 2548 550 2603 item
568 2541 649 2622 quod
659 2541 737 2621 spem
755 2543 867 2603 celandi
884 2565 946 2604 non
964 2543 1022 2603 ha·

331 2620 416 2683 beret
433 2646 439 2681 :
455 2623 560 2683 deinde
577 2623 785 2695 necessitudo,
802 2627 832 2684 in
851 2644 930 2703 qua,
947 2645 1023 2685 num

330 2705 443 2763 necere
454 2703 538 2761 fuerit
547 2702 577 2759 id
588 2720 636 2760 aut
646 2700 707 2761 fieri
718 2747 727 2774 ,
739 2722 786 2763 aut
796 2708 836 2764 ita
845 2704 928 2779 fieri,
940 2727 1022 2787 quae·

329 2783 408 2842 titur.
428 2783 563 2860 Quorum
580 2803 645 2861 pars
656 2782 693 2842 ad
706 2785 855 2845 consilium
869 2789 1028 2865 pertinet,

330 2863 411 2942 quod
437 2862 565 2941 personis
589 2864 758 2924 attributum
784 2863 849 2940 est,
873 2884 906 2926 ut
929 2869 961 2925 in
985 2889 1025 2929 ea

331 2942 434 3014 causa,
456 2965 542 3023 quam
559 2943 751 3025 exposuimus.
767 2945 847 3006 Ante
862 2968 929 3007 rem
941 2952 999 3009 erit
1010 2993 1027 3024 ,

329 3022 409 3102 qiud
427 3024 458 3082 in
476 3026 578 3089 itinere
597 3024 628 3090 se
647 3043 707 3090 tatu
724 3025 901 3102 familiariter
920 3030 1030 3115 appli-

245 3183 408 3402 ἢ
