2400 4067
246 496 540 565 Rrrrroarcn
567 498 671 563 Lra.
697 497 752 562 II.
803 515 878 586 245

196 608 279 668 causa
289 629 407 682 earum,
423 611 480 691 qud
492 610 645 692 impulsum
656 612 781 692 aliquem
794 613 822 670 id
835 611 882 671 fe*

196 687 263 749 cille
284 691 370 749 dicet.
391 691 449 750 Hic
471 691 724 772 &exemplorum
744 713 879 751 comme-

196 773 377 842 moratione,
393 774 441 852 qui
452 773 537 831 simili
550 771 670 853 impulsu
683 772 789 852 aliquid
800 793 882 832 com·

195 850 347 925 miserint,
367 853 630 912 &similitudinum
649 854 826 927 collatione,
846 852 880 912 &
900 927 902 932 ,

194 934 283 1013 ipsius
302 934 389 991 animi
409 931 565 993 affedlionis
584 934 802 1014 explicatione,
828 953 879 992 cu-

193 1012 317 1071 randum
339 1011 402 1084 est,
424 1033 456 1073 ut
476 1035 536 1073 non
553 1018 658 1073 mirum
680 1014 836 1086 videatur,
857 1016 881 1073 si

194 1093 276 1174 quod
289 1094 326 1153 ad
334 1092 441 1152 facinus
456 1095 506 1154 tali
515 1097 730 1176 perturbatione
744 1116 881 1156 commo·

194 1191 240 1234 tus
254 1177 364 1233 animus
378 1173 529 1235 accellerit.

203 1288 207 1293 ,
236 1253 293 1313 VI.
309 1254 411 1334 Quum
428 1273 524 1315 autem
539 1277 599 1316 non
614 1255 807 1336 impulsione,
823 1277 880 1316 ve·

193 1337 259 1395 rum
267 1338 486 1396 ratiocinatione
495 1337 620 1418 aliquem
629 1335 800 1396 commisiffe
809 1337 880 1417 quid
969 1398 972 1402 ,

194 1416 274 1476 dicet
286 1438 295 1490 3
310 1416 378 1497 quid
391 1419 542 1477 commodi
555 1421 590 1476 sit
603 1416 710 1476 secutus
725 1463 735 1491 ,
747 1434 795 1477 aut
808 1417 879 1497 quid

192 1498 376 1557 incommodi
392 1497 519 1580 fugerit,
539 1496 772 1572 demonstrabit,
797 1498 829 1556 &
847 1498 879 1557 id

194 1579 310 1660 augebit
322 1579 408 1660 quim
421 1580 545 1638 maximb
556 1581 666 1660 ,poterit
679 1623 688 1651 ,
705 1596 737 1638 ut
750 1623 759 1651 ,
779 1577 879 1658 quoad

193 1657 257 1738 ejus
280 1658 343 1720 fieri
365 1664 457 1740 possit
472 1683 489 1733 ‚*
508 1660 617 1719 idonea
641 1659 728 1740 quam
752 1660 877 1717 maxime

191 1739 276 1800 causa
295 1739 332 1799 ad
348 1741 529 1821 peccandum
549 1742 663 1799 hortata
683 1739 824 1799 videatur.
847 1739 878 1799 Si

192 1821 292 1904 gloriae
305 1821 405 1895 cauta3
425 1841 560 1904 quantam
571 1822 692 1904 gloriam
710 1819 879 1880 consecutu-

190 1923 255 1962 ram
273 1903 445 1963 existimarit.
467 1902 542 1985 Item
562 1907 585 1962 si
605 1903 830 1974 dominationis,
854 1903 879 1960 si

191 1986 341 2064 pecuniae,
357 1986 380 2042 si
394 1987 542 2057 amicitiae',
559 1986 583 2042 si
594 1985 823 2061 inimicitiarum,
843 1983 877 2041 &

189 2067 314 2124 omnino
336 2064 475 2145 quidquid
495 2068 569 2137 erit,
591 2065 671 2144 quod
691 2063 779 2123 causae
796 2061 877 2124 fuiss'e

159 2167 162 2170 ⁴
192 2145 270 2204 dicet
283 2191 293 2219 ,
307 2144 338 2203 id
356 2144 465 2202 summe
482 2163 586 2224 augere
605 2143 733 2203 debebit.

234 2245 282 2282 21.
297 2224 334 2281 Et
347 2224 404 2281 hoc
421 2243 489 2281 eum
501 2243 679 2303 magnopere
694 2221 881 2294 considerare

191 2305 366 2384 oportebit,
390 2322 451 2360 non
473 2301 542 2380 quid
563 2303 593 2359 in
618 2304 740 2360 veritate
762 2303 878 2376 modo,

191 2386 296 2445 verbm
317 2379 404 2441 etiam
425 2381 649 2455 vehementius,
671 2380 740 2460 quid
758 2382 787 2438 in
808 2385 878 2461 opi-

192 2466 282 2523 nione
306 2459 393 2541 ejuS,
417 2483 504 2542 quem
531 2478 654 2545 arguet,
678 2460 773 2522 fuerit.
799 2460 878 2523 Nihil

192 2546 270 2603 enim
282 2543 369 2603 refert
380 2565 441 2604 non
453 2540 553 2619 soille,
571 2561 620 2604 aut
632 2564 693 2603 non
704 2539 760 2602 effe
771 2541 878 2624 aliquid

191 2626 363 2699 commodi,
385 2645 432 2686 aut
444 2625 645 2700 incommodi,
663 2627 685 2684 si
698 2621 809 2684 ostendi
821 2647 878 2704 po-

190 2705 245 2766 test
257 2709 284 2766 ei
295 2707 386 2766 visum
400 2705 480 2780 esse,
495 2710 544 2788 qui
557 2725 700 2790 arguatur.
716 2704 793 2764 Nam
811 2709 877 2787 opi·

189 2790 239 2846 nio
254 2787 405 2867 dupliciter
416 2788 487 2847 fallit
498 2789 632 2848 homines
646 2810 654 2860 3
669 2808 757 2868 quum
769 2804 817 2845 aut
830 2808 876 2847 res

190 2867 341 2926 aliusmodi
352 2867 409 2939 est,
423 2891 456 2927 ac
469 2888 602 2948 putatur,
616 2885 664 2928 aut
676 2889 737 2926 non
749 2870 772 2925 is
784 2887 877 2926 even-

191 2964 237 3008 tus
248 2945 287 3006 est
302 2993 311 3020 ,
328 2968 415 3028 quem
428 2949 556 3008 arbitrati
567 2949 640 3008 sunt.
655 2949 713 3008 Res
726 2945 877 3008 aliusmodi

191 3026 233 3092 est
246 3044 329 3103 tum,
348 3049 437 3112 quum
453 3046 501 3091 aut
515 3031 569 3106 id,
587 3030 668 3114 quod
686 3030 798 3170 popum
812 3024 876 3103 est,

731 3129 766 3188 ¹¹}
