2400 4067
339 435 417 533 5&
534 431 837 503 orarum

335 552 420 610 aliter
438 550 467 608 in
485 543 632 628 versibus)
656 545 726 606 nihil
743 562 776 604 ut
794 542 847 605 fiat
866 559 954 605 extra
968 561 1027 604 mo·

338 631 410 693 dum
431 651 438 688 τ
467 651 535 690 nam
551 629 581 688 id
595 626 717 709 quidem
738 624 810 687 effet
827 629 962 707 poema:
985 624 1025 686 sed

338 714 435 773 omnis
446 709 689 780 medandicum,
707 727 761 767 nec
779 709 864 787 quasi
876 707 1024 782 flutiuans,

339 793 374 854 &
394 792 569 873 aequaliter,
597 787 822 927 constanterpe
844 788 1023 871 ingrediens,

337 870 491 934 numerosa
503 871 624 931 habetur
636 869 742 929 oratio.
799 883 874 951 tque
891 872 923 929 in
938 869 1025 929 dicen·

340 954 381 1014 do
396 951 579 1013 numerofium
594 966 731 1032 putatur,
752 969 817 1008 non
833 949 924 1030 quod
941 965 1024 1010 totum

340 1033 452 1095 constat
469 1035 645 1106 enumeris,
666 1029 715 1090 sed
733 1029 817 1111 quod
836 1030 877 1089 ad
899 1051 1024 1092 numeros
1061 1098 1064 1111 Ι

341 1114 475 1196 proxime
493 1113 626 1174 accedit:
649 1112 708 1193 qui)
725 1112 815 1170 etiam
832 1109 979 1172 difficilius
992 1109 1024 1171 est
1061 1128 1064 1133 ‘

342 1199 476 1266 oratione
487 1197 547 1268 uti,
567 1192 655 1275 quim
668 1193 801 1252 versibus
812 1211 822 1263 ;
843 1192 928 1273 quod
941 1192 1025 1252 inillis

342 1293 420 1337 certa
436 1274 569 1357 quaedam
583 1271 742 1334 &definita
752 1271 800 1331 lex
814 1271 879 1346 est,
895 1295 982 1355 quam
991 1271 1023 1333 se·

343 1359 392 1438 qui
406 1359 442 1415 sit
453 1353 585 1427 neceffe3
602 1356 632 1413 in
646 1351 774 1412 dicendo
793 1369 898 1414 autem
915 1350 1022 1415 nihilet

343 1439 546 1519 propositum,
563 1437 616 1494 nisi
631 1450 680 1493 aut
698 1453 736 1493 ne
749 1434 973 1510 immoderata,
987 1450 1022 1495 att

343 1516 481 1601 angusta,
499 1534 546 1576 aut
560 1513 692 1575 diffoluta
702 1558 713 1585 ,
737 1529 786 1573 aut
800 1514 899 1575 fluens
917 1519 954 1576 sit
972 1537 1023 1575 ora·
1059 1510 1062 1529 '

343 1601 398 1659 tio.
425 1598 525 1678 ltaque
544 1617 605 1656 non
619 1594 682 1655 suat
698 1597 728 1654 in
745 1613 781 1654 ea
794 1612 954 1678 tamquam
966 1598 1022 1656 tibi·

344 1681 400 1740 cini
410 1680 627 1758 percussionum
638 1675 737 1747 modi,
749 1673 799 1735 sed
809 1677 949 1738 universa
956 1698 1022 1738 com·

343 1761 498 1840 prehensio
528 1757 690 1838 &species
714 1759 858 1817 orationis
881 1757 1021 1819 clausa&

342 1842 497 1899 terminata
513 1837 575 1911 est;
591 1837 673 1920 quod
690 1836 848 1918 voluptate
866 1842 978 1900 aurium
989 1837 1022 1920 ju·

341 1919 462 1978 dicatur.

384 1998 462 2059 LIX.
480 1997 562 2058 Solet
575 2015 672 2058 autem
685 1999 791 2080 quaeri,
807 2015 922 2064 totone
935 2003 961 2061 in
972 2022 1021 2060 am·

341 2080 404 2142 bitu
415 2081 573 2141 verborum
586 2082 699 2139 numeri
713 2081 838 2140 tenendi
858 2084 940 2158 sint,
956 2104 986 2143 an
997 2085 1021 2142 in

341 2164 439 2244 primis
450 2161 597 2243 partibus,
616 2178 701 2240 atque
717 2162 747 2218 in
765 2166 923 2224 extremis.
948 2163 1021 2224 Pleri-

341 2265 398 2324 que
413 2248 489 2303 enim
502 2241 619 2303 censent
630 2241 732 2301 cadere
741 2244 859 2301 tantirm
878 2246 1020 2306 numerosi

341 2345 509 2406 oportere,
535 2324 738 2401 terminarique
762 2321 954 2386 sententiam.
984 2323 1020 2384 Est

340 2425 462 2480 autem,
482 2423 513 2464 ut
529 2404 558 2463 id
577 2403 700 2462 maxime
718 2402 842 2477 deceat,
863 2429 930 2467 non
947 2405 1022 2467 ids-

340 2485 402 2549 lum
415 2508 422 2545 :
444 2485 597 2567 ponendus
609 2482 650 2544 est
663 2486 741 2542 enim
750 2483 799 2542 ille
810 2487 960 2564 ambitus,
974 2507 1022 2547 nou

340 2565 528 2646 abjiciendus.
553 2564 655 2642 Quare
665 2585 754 2644 quum
763 2585 851 2625 aures
869 2587 1023 2631 extremum

340 2645 453 2727 semper
466 2645 648 2726 exspetient,
663 2648 691 2703 in
707 2664 805 2725 eoque
823 2650 1024 2730 acquiescant,

340 2727 370 2789 id
388 2747 491 2787 vacare
516 2747 638 2786 numero
661 2746 722 2785 non
746 2744 901 2805 oportet:
931 2731 977 2792 sed
995 2729 1025 2789 ad

339 2800 414 2868 hunc
434 2811 542 2869 exitum
559 2824 656 2867 tamen
670 2829 686 2865 a
699 2807 847 2887 principio
859 2809 937 2872 ferri
949 2812 1024 2874 debet

338 2892 498 2955 verborum
507 2889 554 2947 illa
564 2909 630 2948 com
653 2887 845 2961 rehensio‚&
857 2893 1024 2974 totaacapi·

337 2989 368 3033 te
380 2974 418 3031 ita
434 2972 544 3046 fluere,
562 2986 593 3031 ut
608 2911 651 3031 aci)
656 2983 822 3036 extremum
833 2977 968 3037 veniens
982 2972 1025 3057 ipis

335 3050 479 3115 consistat.
929 3053 1027 3121 200.ss
