2400 4067
468 465 760 537 onnon.
884 480 959 562 '491

275 604 368 666 pauca
386 581 468 644 sunt:
487 584 584 668 traditi
601 583 684 659 sunt,
700 605 718 645 e
734 584 836 667 quibus
851 585 966 647 ducan-

274 681 339 739 tur,
355 666 484 747 duplices
499 667 577 739 loci3
593 668 644 726 uni
654 687 670 727 e
680 667 765 728 rebus
782 668 869 747 ipsis,
882 668 965 730 alteri

273 743 417 827 assumpti.
441 746 588 808 Tradatio
604 750 689 830 igitur
699 767 796 808 rerum
810 745 897 807 efficit
907 749 964 808 ad-

274 829 485 889 mirabiliorem
496 833 675 889 orationem:
690 850 757 889 narn
767 827 833 909 ipsae
844 829 964 908 quidem

274 926 321 970 tes
335 911 365 969 in
379 909 507 990 perfacili
516 913 685 992 cognitione
693 909 852 971 versantur.
878 908 963 989 Quid

275 991 355 1052 enim
368 987 430 1068 jam
443 988 587 1070 sequitur,
607 990 690 1074 quod
702 991 821 1072 quidem
832 992 901 1050 artie
910 993 962 1066 sit,‘

274 1072 330 1130 nisi
343 1070 432 1130 ordiri
438 1073 606 1131 vorationem
618 1117 628 1146 ,
645 1075 675 1131 in
686 1092 746 1154 quo
763 1089 811 1130 aut
823 1073 964 1133 conciliess

274 1167 323 1211 tur
335 1150 468 1224 auditor,
486 1168 535 1212 aut
552 1155 697 1235 erigatur,
718 1169 766 1212 aut
782 1169 864 1233 paret
881 1152 910 1213 se
924 1154 963 1214 ad

274 1229 467 1292 discendum?
497 1253 559 1294 rem
577 1234 707 1295 breviter
725 1252 897 1314 exponere,
927 1235 962 1296 dc

273 1312 482 1394 probabiliter,
503 1315 536 1373 &
554 1314 673 1396 aperte,
692 1332 744 1387 ut,
762 1314 831 1395 quid
845 1331 961 1396 agatur,

274 1393 397 1476 intelligi
415 1394 532 1475 possit?
548 1393 596 1454 sua
614 1394 806 1455 confirmare?
824 1395 962 1456 adversa-

275 1476 318 1534 ria
337 1475 497 1535 evertere?
518 1494 610 1556 eaque
629 1474 745 1537 efficere
761 1496 823 1534 non
866 1493 963 1536 ertur-

274 1555 366 1626 bate,
388 1553 439 1616 sed
464 1555 579 1638 singulis
602 1498 898 1638 argumentationibus
923 1559 963 1618 ita

273 1635 505 1709 concludendis‚
523 1654 554 1706 ut
571 1635 708 1696 efficiatur
721 1635 800 1718 quod
812 1638 846 1694 sit
858 1636 963 1698 conse-¹

273 1734 369 1799 quens
380 1720 434 1788 iis,
450 1737 511 1797 quae
530 1715 674 1776 sumentur
690 1717 727 1776 ad
745 1737 888 1798 quamque
899 1739 962 1778 rem

273 1796 526 1860 confirmandam?
546 1796 610 1880 post
629 1799 729 1858 omnia
744 1801 963 1879 perorationem

273 1879 529 2021 igrtlanpmantem
554 1877 820 1964 restinguentemve
843 1880 964 1942 conclu-

299 1979 371 2020 ere.
773 1988 776 1993 ·

322 2057 388 2119 123.
411 2039 472 2099 Has
476 2057 584 2180 flpartes
596 2041 846 2121 quemadmodum
859 2043 962 2103 tradet

275 2122 423 2203 singulas,
446 2121 474 2179 di
506 2122 559 2181 cile
574 2121 649 2181 diclu
665 2121 705 2182 est
722 2123 779 2182 hoc
798 2122 887 2182 loco:
907 2125 963 2183 nee'

276 2205 356 2262 enim
373 2201 486 2281 semper
502 2201 655 2261 tradantur
669 2223 729 2261 uno
744 2203 846 2261 modo.
872 2202 962 2280 Qum

276 2286 355 2342 niam
366 2300 461 2343 autem
472 2302 553 2354 non,
572 2301 661 2362 quern
675 2283 797 2341 doceam
809 2327 818 2354 ,
840 2301 940 2361 quaero
952 2304 962 2356 ,¹

274 2362 326 2424 fed
335 2385 423 2445 quem
437 2362 581 2444 probem3
593 2362 727 2442 probabo
763 2364 866 2420 timum
878 2376 963 2437 eum,

275 2446 345 2525 qui,
363 2444 433 2525 quid
449 2444 571 2515 deceat,
584 2442 710 2524 videbit,
724 2383 769 2500 ld

276 2528 386 2606 pientia
407 2525 532 2584 maxime
552 2523 716 2584 adhibenda
734 2523 883 2603 eloquenti
902 2523 966 2600 est,

278 2622 312 2665 ut
321 2608 356 2665 sit
367 2622 554 2686 temporum,
568 2605 812 2688 personarumque
827 2605 966 2668 modera·

276 2702 335 2747 tor.
362 2685 439 2744 Nam
455 2707 510 2748 nec
522 2685 655 2767 semper,
677 2707 731 2748 nec
747 2685 824 2768 apud
839 2708 965 2761 omnes,

277 2786 334 2826 nec
350 2785 452 2824 contra
468 2788 592 2839 omnes,
614 2789 668 2827 nec
686 2790 740 2848 pro
759 2767 893 2829 omnibus
909 2789 965 2829 eo·

279 2846 351 2903 dem
366 2846 457 2903 modo
477 2846 631 2906 dicendum
641 2849 773 2907 arbitror.

321 2921 465 2982 XXXVI.
486 2925 582 2984 Iserit
599 2946 670 3007 ergo
683 2928 845 3007 eloquens,
861 2929 911 3007 qui

276 3002 330 3079 id,
349 3002 553 3087 quodcumque
566 3005 700 3082 decebit,
715 3009 892 3168 potirigjac‘

771 2464 810 2500 aec
827 2443 905 2501 enim
921 2443 966 2503 sat-¹
1055 2443 1057 2447 ’
