2400 4067
371 381 431 434 An
460 361 727 432 Hanannwnr
750 358 841 429 ui.
914 370 941 449 9

253 480 425 533 insinuabimus
440 484 469 531 ad
487 483 578 532 causam
594 499 602 531 s
620 482 649 530 de
666 499 715 541 eo,
732 482 798 547 quod
815 480 942 530 adversarii

253 555 411 606 firmissimum
423 557 468 606 sibi
483 554 646 621 adjumentum
658 566 823 622 putaverunt,
839 552 941 621 primurn

254 645 301 680 nos
316 629 421 681 ditluros
433 629 603 696 pollicebimur
610 644 620 687 ς
638 643 680 679 aut
692 629 723 678 ab
735 627 864 679 adversarii
877 627 951 679 diuo.

252 703 427 760 exordiemur,
444 704 470 754 ἃ
486 703 517 751 ab
533 718 565 752 eo
581 701 700 762 maxime,
715 701 782 769 quod
796 700 838 753 ille
852 716 944 767 nuper·

252 774 315 827 rime
333 776 440 834 dixerits
461 787 504 825 aut
520 775 673 827 dubitatione
689 787 804 835 utentur,
822 773 882 843 quid
895 786 949 841 po·-

252 848 372 900 tissimum
389 849 515 907 dicamus,
534 860 576 898 aut
591 849 632 899 cui
647 848 704 899 loto
722 845 824 915 primitur
839 846 942 915 respon·

253 922 353 973 deamus
376 939 431 973 eum
450 921 618 973 admiratione.
644 920 672 972 Si
692 920 784 973 defessi
804 931 876 971 erunt
897 938 963 996 aum·

253 994 362 1055 diendo,
379 996 409 1045 ab
423 995 563 1062 aliquare,
579 1012 633 1062 que
645 994 716 1047 risum
730 1009 832 1047 monem
846 994 942 1061 possit,

253 1068 427 1128 exordiemur,
452 1068 482 1118 ab
502 1069 630 1137 apologo,
649 1086 663 1119 a
685 1068 765 1120 fabola
787 1067 940 1129 verisimili,

252 1140 407 1201 imitatione,
422 1143 616 1208 depravatione,
633 1141 791 1200 inversione,
811 1142 924 1210 ambiguo
930 1148 949 1201 ,ζ

253 1212 411 1280 inspicione,
430 1213 565 1273 irrisione,
587 1213 706 1273 stultitid,
729 1214 914 1281 exsuperatione
929 1248 940 1273 ,

255 1286 414 1344 collatione,
439 1284 595 1350 abjettione,
622 1285 780 1350 adjeffione,
808 1286 943 1339 litterarum

255 1359 411 1416 mutatione,
426 1369 544 1426 praeterea
558 1355 753 1423 exspettarione,
768 1359 948 1419 similitudine,

253 1434 385 1491 novitate,
401 1431 514 1491 historii,
535 1429 627 1490 taius
642 1442 686 1481 aut
702 1433 734 1482 ab
749 1431 852 1498 alicujus
866 1433 947 1485 iuteo.

252 1505 409 1575 pellatione,
429 1517 472 1556 aut
490 1503 628 1563 arrisione;
649 1504 676 1555 δι
695 1504 716 1555 si
738 1504 916 1573 promiserimus
931 1538 946 1566 ,

253 1580 345 1638 aliter,
366 1595 394 1629 ac
416 1578 493 1646 parati
515 1577 650 1639 fuerimus,
671 1593 717 1629 nos
738 1577 786 1629 elle
807 1577 940 1641 &terroe-3

253 1670 300 1705 nos
318 1668 369 1704 non
384 1653 472 1704 eodem
488 1652 581 1708 inodo,
603 1662 631 1703 ut
643 1650 721 1704 ceteri
735 1650 848 1709 soleant,
865 1652 951 1705 verbm

253 1727 380 1785 earnm
401 1726 460 1796 quid
476 1725 517 1775 alii
533 1724 646 1786 soleant,
667 1725 725 1795 quid
742 1741 788 1777 nos
805 1724 890 1777 munti
907 1726 942 1778 si·

249 1816 330 1861 mus,
347 1801 456 1852 breviter
471 1815 631 1867 exponemus.
835 1826 838 1835 ·

291 1874 353 1926 vl1.
375 1874 444 1925 Inter
465 1872 668 1934 insinuationem,
691 1873 719 1926 δι
731 1872 877 1943 principium
889 1874 941 1927 hoe

253 1946 372 2008 interest,
392 1948 458 2016 qudd
471 1947 615 2014 principium
626 1946 761 2016 hujusmodi
779 1948 854 1999 debet
872 1947 920 1999 elie
929 1952 950 2010 ,ἶ

254 2033 283 2072 ut
300 2020 378 2075 statim
393 2021 482 2089 apertis
504 2021 638 2073 rationibus
657 2054 665 2081 ,
688 2021 775 2089 quibus
794 2021 950 2089 praescripsit-r

254 2109 309 2143 mus
324 2125 332 2152 ,
348 2105 391 2143 aut
408 2095 576 2153 benevolum,
593 2107 636 2146 aut
654 2098 793 2155 attentum,
811 2106 852 2146 aut
871 2096 942 2147 doti·

255 2166 305 2215 lern
323 2165 439 2216 iaciamus
456 2159 603 2217 auditorem.
622 2166 658 2217 At
673 2166 803 2218 insinuatio
822 2167 941 2232 ejusmodi
1012 2217 1015 2221 ,

256 2238 332 2289 debet
350 2236 417 2294 elie,
437 2249 465 2288 ut
485 2236 583 2288 occtdtd
605 2252 650 2305 per
668 2238 878 2290 dissimulationem
897 2256 942 2291 ea·

254 2311 311 2362 dero
324 2311 364 2362 illa
380 2312 460 2361 omnia
475 2309 650 2370 conficiamus,
668 2323 696 2362 ut
709 2311 741 2362 ad
752 2307 860 2362 eamdem
875 2328 946 2364 torm.

254 2385 397 2437 moditatem
416 2385 440 2435 in
461 2384 563 2435 dicendo
584 2384 712 2452 pervenire
735 2386 864 2453 possimus.
887 2387 941 2442 Ve-
964 2396 973 2405 “·

254 2458 308 2510 riam
329 2461 367 2510 he
383 2470 433 2510 tres
453 2459 570 2510 utilitates
589 2458 688 2510 tametsi
708 2456 734 2509 in
753 2471 807 2511 tota
826 2459 941 2513 oratione

254 2532 310 2584 sunt
329 2533 517 2599 comparanda,
542 2533 590 2583 hoc
613 2531 668 2589 est,
694 2544 722 2583 ut
742 2526 867 2585 auditores
890 2533 944 2587 sese

250 2603 375 2673 perpetud
384 2607 454 2656 nobis
464 2617 572 2656 attentos
583 2639 591 2665 ,
609 2605 702 2656 dociles
713 2639 721 2665 ,
734 2607 869 2658 benevolos
879 2626 941 2676 prae·

252 2679 356 2738 beants
382 2691 463 2729 tamen
485 2679 509 2729 id
528 2696 573 2744 per
592 2680 718 2730 exordium
739 2681 813 2731 causae
838 2679 941 2733 maxim&

253 2752 443 2815 >comparandum
461 2750 504 2802 est.
523 2753 614 2811 Nunc,
634 2754 776 2818 nequando
794 2753 882 2804 vitioso
898 2770 941 2806 ex·

255 2821 328 2873 ordio
344 2834 458 2883 utemur,
479 2842 532 2890 quae
549 2825 610 2876 vitia
626 2825 724 2875 vitanda
744 2827 812 2885 sint,
833 2827 940 2879 docebo.

254 2893 286 2954 ln
300 2894 535 2959 exordienda-rausa
550 2897 692 2954 servandum
711 2897 764 2959 eli,
781 2910 811 3021 pt
828 2897 889 2952 lenis
908 2901 941 2953 sit
970 2980 973 2985 Ι

817 2987 833 3024 v
