<?xml version="1.0" encoding="UTF-8"?>
<!DOCTYPE html PUBLIC "-//W3C//DTD XHTML 1.0 Transitional//EN"
    "http://www.w3.org/TR/xhtml1/DTD/xhtml1-transitional.dtd">
<html xmlns="http://www.w3.org/1999/xhtml" xml:lang="en" lang="en">
 <head>
  <title>
</title>
<meta http-equiv="Content-Type" content="text/html;charset=utf-8" />
  <meta name='ocr-system' content='tesseract 3.04.00' />
  <meta name='ocr-capabilities' content='ocr_page ocr_carea ocr_par ocr_line ocrx_word'/>
</head>
<body>
  <div class='ocr_page' id='page_1' title='image "./mtulliiciceroni01lallgoog_0207.png"; bbox 0 0 2400 4067; ppageno 0'>
   <div class='ocr_carea' id='block_1_1' title="bbox 258 519 878 615">
    <p class='ocr_par' dir='ltr' id='par_1_1' title="bbox 258 519 878 615">
     <span class='ocr_line' id='line_1_1' title="bbox 258 519 878 615; baseline 0.008 -24"><span class='ocrx_word' id='word_1_1' title='bbox 258 523 564 592; x_wconf 68' lang='lat' dir='ltr'>Rnrronrca</span> <span class='ocrx_word' id='word_1_2' title='bbox 593 519 696 592; x_wconf 80' lang='lat' dir='ltr'>Lrn.</span> <span class='ocrx_word' id='word_1_3' title='bbox 717 525 747 596; x_wconf 88' lang='lat'>1.</span> <span class='ocrx_word' id='word_1_4' title='bbox 802 523 878 615; x_wconf 56' lang='lat'>1857</span> 
     </span>
    </p>
   </div>
   <div class='ocr_carea' id='block_1_2' title="bbox 185 629 891 3147">
    <p class='ocr_par' dir='ltr' id='par_1_2' title="bbox 185 629 883 1669">
     <span class='ocr_line' id='line_1_2' title="bbox 188 629 878 720; baseline 0.001 -23"><span class='ocrx_word' id='word_1_5' title='bbox 188 629 227 698; x_wconf 84' lang='lat' dir='ltr'>de</span> <span class='ocrx_word' id='word_1_6' title='bbox 247 652 350 696; x_wconf 84' lang='lat' dir='ltr'>natura</span> <span class='ocrx_word' id='word_1_7' title='bbox 369 633 431 715; x_wconf 82' lang='lat' dir='ltr'>ejus</span> <span class='ocrx_word' id='word_1_8' title='bbox 457 638 576 698; x_wconf 90' lang='lat' dir='ltr'>evenire</span> <span class='ocrx_word' id='word_1_9' title='bbox 594 631 687 720; x_wconf 84' lang='lat' dir='ltr'>vulgb</span> <span class='ocrx_word' id='word_1_10' title='bbox 708 631 820 712; x_wconf 83' lang='lat' dir='ltr'>soleat,</span> <span class='ocrx_word' id='word_1_11' title='bbox 838 658 878 698; x_wconf 90' lang='lat' dir='ltr'>an</span> 
     </span>
     <span class='ocr_line' id='line_1_3' title="bbox 185 715 879 780; baseline 0.001 -3"><span class='ocrx_word' id='word_1_12' title='bbox 185 716 347 779; x_wconf 79' lang='lat' dir='ltr'>insolenter</span> <span class='ocrx_word' id='word_1_13' title='bbox 367 735 401 778; x_wconf 90' lang='lat' dir='ltr'>ac</span> <span class='ocrx_word' id='word_1_14' title='bbox 418 719 493 778; x_wconf 77' lang='lat' dir='ltr'>turb.</span> <span class='ocrx_word' id='word_1_15' title='bbox 512 717 616 780; x_wconf 86' lang='lat' dir='ltr'>Postea</span> <span class='ocrx_word' id='word_1_16' title='bbox 633 716 768 778; x_wconf 84' lang='lat' dir='ltr'>homines</span> <span class='ocrx_word' id='word_1_17' title='bbox 785 717 816 778; x_wconf 90' lang='lat' dir='ltr'>id</span> <span class='ocrx_word' id='word_1_18' title='bbox 828 715 879 778; x_wconf 82' lang='lat' dir='ltr'>sua</span> 
     </span>
     <span class='ocr_line' id='line_1_4' title="bbox 188 796 879 880; baseline -0.003 -20"><span class='ocrx_word' id='word_1_19' title='bbox 188 798 362 860; x_wconf 71' lang='lat' dir='ltr'>audieritate</span> <span class='ocrx_word' id='word_1_20' title='bbox 379 799 593 880; x_wconf 87' lang='lat' dir='ltr'>comprobare,</span> <span class='ocrx_word' id='word_1_21' title='bbox 605 820 642 859; x_wconf 88' lang='lat' dir='ltr'>an</span> <span class='ocrx_word' id='word_1_22' title='bbox 660 796 772 859; x_wconf 87' lang='lat' dir='ltr'>offendi</span> <span class='ocrx_word' id='word_1_23' title='bbox 787 799 818 859; x_wconf 93' lang='lat' dir='ltr'>in</span> <span class='ocrx_word' id='word_1_24' title='bbox 833 797 879 858; x_wconf 81' lang='lat' dir='ltr'>hir</span> 
     </span>
     <span class='ocr_line' id='line_1_5' title="bbox 188 874 880 962; baseline -0.004 -21"><span class='ocrx_word' id='word_1_25' title='bbox 188 874 396 941; x_wconf 76' lang='lat' dir='ltr'>consueverint</span> <span class='ocrx_word' id='word_1_26' title='bbox 410 898 419 947; x_wconf 74' lang='lat'>3</span> <span class='ocrx_word' id='word_1_27' title='bbox 442 881 474 940; x_wconf 90' lang='lat'>&amp;</span> <span class='ocrx_word' id='word_1_28' title='bbox 494 898 612 955; x_wconf 86' lang='lat' dir='ltr'>cetera,</span> <span class='ocrx_word' id='word_1_29' title='bbox 625 900 688 962; x_wconf 88' lang='lat' dir='ltr'>quae</span> <span class='ocrx_word' id='word_1_30' title='bbox 701 877 809 940; x_wconf 70' lang='lat' dir='ltr'>fastum</span> <span class='ocrx_word' id='word_1_31' title='bbox 826 878 880 938; x_wconf 91' lang='lat' dir='ltr'>ali·</span> 
     </span>
     <span class='ocr_line' id='line_1_6' title="bbox 187 959 880 1044; baseline -0.001 -22"><span class='ocrx_word' id='word_1_32' title='bbox 187 961 274 1044; x_wconf 83' lang='lat' dir='ltr'>quod</span> <span class='ocrx_word' id='word_1_33' title='bbox 288 962 419 1021; x_wconf 89' lang='lat' dir='ltr'>similiter</span> <span class='ocrx_word' id='word_1_34' title='bbox 436 960 610 1036; x_wconf 89' lang='lat' dir='ltr'>confestim,</span> <span class='ocrx_word' id='word_1_35' title='bbox 623 977 672 1021; x_wconf 88' lang='lat' dir='ltr'>aut</span> <span class='ocrx_word' id='word_1_36' title='bbox 685 981 722 1021; x_wconf 85' lang='lat' dir='ltr'>ex</span> <span class='ocrx_word' id='word_1_37' title='bbox 736 959 880 1022; x_wconf 87' lang='lat' dir='ltr'>interval-</span> 
     </span>
     <span class='ocr_line' id='line_1_7' title="bbox 187 1038 880 1124; baseline -0.001 -21"><span class='ocrx_word' id='word_1_38' title='bbox 187 1040 222 1103; x_wconf 88' lang='lat' dir='ltr'>lo</span> <span class='ocrx_word' id='word_1_39' title='bbox 240 1041 335 1103; x_wconf 87' lang='lat' dir='ltr'>solent</span> <span class='ocrx_word' id='word_1_40' title='bbox 355 1038 501 1124; x_wconf 74' lang='lat' dir='ltr'>consequi.</span> <span class='ocrx_word' id='word_1_41' title='bbox 522 1041 643 1104; x_wconf 90' lang='lat' dir='ltr'>Deinde</span> <span class='ocrx_word' id='word_1_42' title='bbox 662 1040 812 1124; x_wconf 87' lang='lat' dir='ltr'>postremb</span> <span class='ocrx_word' id='word_1_43' title='bbox 830 1057 880 1103; x_wconf 89' lang='lat' dir='ltr'>at·</span> 
     </span>
     <span class='ocr_line' id='line_1_8' title="bbox 189 1121 882 1206; baseline 0.001 -23"><span class='ocrx_word' id='word_1_44' title='bbox 189 1122 375 1185; x_wconf 88' lang='lat' dir='ltr'>tendendum</span> <span class='ocrx_word' id='word_1_45' title='bbox 397 1121 463 1198; x_wconf 88' lang='lat' dir='ltr'>est,</span> <span class='ocrx_word' id='word_1_46' title='bbox 483 1139 553 1182; x_wconf 92' lang='lat' dir='ltr'>num</span> <span class='ocrx_word' id='word_1_47' title='bbox 569 1146 634 1206; x_wconf 85' lang='lat' dir='ltr'>quae</span> <span class='ocrx_word' id='word_1_48' title='bbox 653 1143 699 1184; x_wconf 88' lang='lat' dir='ltr'>tes</span> <span class='ocrx_word' id='word_1_49' title='bbox 719 1124 808 1184; x_wconf 85' lang='lat' dir='ltr'>exiis</span> <span class='ocrx_word' id='word_1_50' title='bbox 833 1143 882 1184; x_wconf 89' lang='lat' dir='ltr'>re·</span> 
     </span>
     <span class='ocr_line' id='line_1_9' title="bbox 189 1202 883 1287; baseline -0.001 -22"><span class='ocrx_word' id='word_1_51' title='bbox 189 1205 267 1280; x_wconf 85' lang='lat' dir='ltr'>bus,</span> <span class='ocrx_word' id='word_1_52' title='bbox 285 1225 350 1287; x_wconf 81' lang='lat' dir='ltr'>quae</span> <span class='ocrx_word' id='word_1_53' title='bbox 370 1202 434 1264; x_wconf 91' lang='lat' dir='ltr'>sunt</span> <span class='ocrx_word' id='word_1_54' title='bbox 456 1205 558 1287; x_wconf 83' lang='lat' dir='ltr'>positae</span> <span class='ocrx_word' id='word_1_55' title='bbox 572 1204 603 1265; x_wconf 90' lang='lat' dir='ltr'>in</span> <span class='ocrx_word' id='word_1_56' title='bbox 621 1204 750 1286; x_wconf 89' lang='lat' dir='ltr'>partibus</span> <span class='ocrx_word' id='word_1_57' title='bbox 772 1203 883 1266; x_wconf 87' lang='lat' dir='ltr'>hones·</span> 
     </span>
     <span class='ocr_line' id='line_1_10' title="bbox 190 1284 882 1368; baseline 0 -22"><span class='ocrx_word' id='word_1_58' title='bbox 190 1284 280 1358; x_wconf 86' lang='lat' dir='ltr'>tatis,</span> <span class='ocrx_word' id='word_1_59' title='bbox 297 1303 347 1345; x_wconf 88' lang='lat' dir='ltr'>aut</span> <span class='ocrx_word' id='word_1_60' title='bbox 364 1285 514 1359; x_wconf 83' lang='lat' dir='ltr'>utilitatis,</span> <span class='ocrx_word' id='word_1_61' title='bbox 527 1284 739 1368; x_wconf 86' lang='lat' dir='ltr'>consequantur</span> <span class='ocrx_word' id='word_1_62' title='bbox 751 1307 758 1345; x_wconf 76' lang='grc' dir='ltr'><strong>ι</strong></span> <span class='ocrx_word' id='word_1_63' title='bbox 770 1285 807 1346; x_wconf 91' lang='lat' dir='ltr'>de</span> <span class='ocrx_word' id='word_1_64' title='bbox 816 1286 882 1367; x_wconf 91' lang='lat' dir='ltr'>qui·</span> 
     </span>
     <span class='ocr_line' id='line_1_11' title="bbox 192 1363 883 1449; baseline 0 -23"><span class='ocrx_word' id='word_1_65' title='bbox 192 1365 249 1426; x_wconf 91' lang='lat' dir='ltr'>bus</span> <span class='ocrx_word' id='word_1_66' title='bbox 268 1367 298 1425; x_wconf 92' lang='lat' dir='ltr'>in</span> <span class='ocrx_word' id='word_1_67' title='bbox 318 1364 510 1427; x_wconf 87' lang='lat' dir='ltr'>deliberativo</span> <span class='ocrx_word' id='word_1_68' title='bbox 529 1387 638 1449; x_wconf 87' lang='lat' dir='ltr'>genere</span> <span class='ocrx_word' id='word_1_69' title='bbox 659 1365 748 1426; x_wconf 83' lang='lat' dir='ltr'>causae</span> <span class='ocrx_word' id='word_1_70' title='bbox 766 1363 883 1427; x_wconf 83' lang='lat' dir='ltr'>distinc-</span> 
     </span>
     <span class='ocr_line' id='line_1_12' title="bbox 191 1443 883 1530; baseline 0.003 -23"><span class='ocrx_word' id='word_1_71' title='bbox 191 1449 250 1507; x_wconf 78' lang='lat' dir='ltr'>tius</span> <span class='ocrx_word' id='word_1_72' title='bbox 277 1446 332 1507; x_wconf 85' lang='lat' dir='ltr'>etit</span> <span class='ocrx_word' id='word_1_73' title='bbox 352 1443 520 1507; x_wconf 81' lang='lat' dir='ltr'>dicendum.</span> <span class='ocrx_word' id='word_1_74' title='bbox 548 1447 594 1507; x_wconf 86' lang='lat' dir='ltr'>Ac</span> <span class='ocrx_word' id='word_1_75' title='bbox 616 1449 741 1530; x_wconf 85' lang='lat' dir='ltr'>negotiis</span> <span class='ocrx_word' id='word_1_76' title='bbox 760 1446 883 1528; x_wconf 87' lang='lat' dir='ltr'>quidem</span> 
     </span>
     <span class='ocr_line' id='line_1_13' title="bbox 194 1525 883 1610; baseline 0.003 -23"><span class='ocrx_word' id='word_1_77' title='bbox 194 1525 258 1588; x_wconf 80' lang='lat' dir='ltr'>sere</span> <span class='ocrx_word' id='word_1_78' title='bbox 269 1547 315 1588; x_wconf 87' lang='lat' dir='ltr'>res</span> <span class='ocrx_word' id='word_1_79' title='bbox 327 1547 369 1588; x_wconf 84' lang='lat' dir='ltr'>eae</span> <span class='ocrx_word' id='word_1_80' title='bbox 379 1549 474 1610; x_wconf 87' lang='lat' dir='ltr'>,quas</span> <span class='ocrx_word' id='word_1_81' title='bbox 485 1529 804 1602; x_wconf 85' lang='lat' dir='ltr'>commemoravimus,</span> <span class='ocrx_word' id='word_1_82' title='bbox 818 1526 883 1589; x_wconf 90' lang='lat' dir='ltr'>sunt</span> 
     </span>
     <span class='ocr_line' id='line_1_14' title="bbox 192 1608 349 1669; baseline -0.006 0"><span class='ocrx_word' id='word_1_83' title='bbox 192 1608 349 1669; x_wconf 77' lang='lat' dir='ltr'>attributae.</span> 
     </span>
    </p>

    <p class='ocr_par' dir='ltr' id='par_1_3' title="bbox 235 1686 883 1774">
     <span class='ocr_line' id='line_1_15' title="bbox 235 1686 883 1774; baseline 0.003 -25"><span class='ocrx_word' id='word_1_84' title='bbox 235 1688 349 1750; x_wconf 89' lang='lat' dir='ltr'><strong>XXIX.</strong></span> <span class='ocrx_word' id='word_1_85' title='bbox 382 1686 490 1751; x_wconf 91' lang='lat' dir='ltr'>Omnis</span> <span class='ocrx_word' id='word_1_86' title='bbox 518 1708 617 1752; x_wconf 88' lang='lat' dir='ltr'>autem</span> <span class='ocrx_word' id='word_1_87' title='bbox 645 1690 883 1774; x_wconf 82' lang='lat' dir='ltr'>argumentatio,</span> 
     </span>
    </p>

    <p class='ocr_par' dir='ltr' id='par_1_4' title="bbox 192 1769 891 2902">
     <span class='ocr_line' id='line_1_16' title="bbox 237 1769 883 1853; baseline -0.002 -21"><span class='ocrx_word' id='word_1_88' title='bbox 237 1793 261 1832; x_wconf 82' lang='lat' dir='ltr'>ae</span> <span class='ocrx_word' id='word_1_89' title='bbox 276 1789 313 1832; x_wconf 87' lang='lat' dir='ltr'>ex</span> <span class='ocrx_word' id='word_1_90' title='bbox 321 1771 355 1831; x_wconf 88' lang='lat' dir='ltr'>iis</span> <span class='ocrx_word' id='word_1_91' title='bbox 366 1769 439 1832; x_wconf 91' lang='lat' dir='ltr'>locis</span> <span class='ocrx_word' id='word_1_92' title='bbox 451 1816 460 1846; x_wconf 92' lang='lat'>,</span> <span class='ocrx_word' id='word_1_93' title='bbox 471 1794 546 1853; x_wconf 90' lang='lat' dir='ltr'>quos</span> <span class='ocrx_word' id='word_1_94' title='bbox 564 1773 883 1846; x_wconf 81' lang='lat' dir='ltr'>commemoravimus,</span> 
     </span>
     <span class='ocr_line' id='line_1_17' title="bbox 192 1791 883 1929; baseline -0.001 -15"><span class='ocrx_word' id='word_1_95' title='bbox 192 1791 346 1927; x_wconf 53' lang='lat' dir='ltr'>libetur,</span> <span class='ocrx_word' id='word_1_96' title='bbox 368 1868 416 1913; x_wconf 90' lang='lat' dir='ltr'>aut</span> <span class='ocrx_word' id='word_1_97' title='bbox 460 1853 621 1929; x_wconf 86' lang='lat' dir='ltr'>robabilis,</span> <span class='ocrx_word' id='word_1_98' title='bbox 650 1870 698 1913; x_wconf 86' lang='lat' dir='ltr'>aut</span> <span class='ocrx_word' id='word_1_99' title='bbox 726 1849 883 1914; x_wconf 87' lang='lat' dir='ltr'>necessaria</span> 
     </span>
     <span class='ocr_line' id='line_1_18' title="bbox 195 1931 885 2009; baseline 0.001 -16"><span class='ocrx_word' id='word_1_100' title='bbox 195 1933 319 1994; x_wconf 85' lang='lat' dir='ltr'>debebit</span> <span class='ocrx_word' id='word_1_101' title='bbox 338 1931 405 1994; x_wconf 87' lang='lat' dir='ltr'>esse.</span> <span class='ocrx_word' id='word_1_102' title='bbox 452 1935 563 2009; x_wconf 77' lang='lat' dir='ltr'>renim,</span> <span class='ocrx_word' id='word_1_103' title='bbox 582 1934 760 1996; x_wconf 88' lang='lat' dir='ltr'>utbreviter</span> <span class='ocrx_word' id='word_1_104' title='bbox 777 1933 885 1994; x_wconf 83' lang='lat' dir='ltr'>descri-</span> 
     </span>
     <span class='ocr_line' id='line_1_19' title="bbox 196 2012 886 2099; baseline 0.001 -24"><span class='ocrx_word' id='word_1_105' title='bbox 196 2015 321 2088; x_wconf 85' lang='lat' dir='ltr'>bamus,</span> <span class='ocrx_word' id='word_1_106' title='bbox 339 2017 553 2099; x_wconf 82' lang='lat' dir='ltr'>argumentatio</span> <span class='ocrx_word' id='word_1_107' title='bbox 571 2012 764 2076; x_wconf 86' lang='lat' dir='ltr'>videturesse</span> <span class='ocrx_word' id='word_1_108' title='bbox 782 2016 886 2076; x_wconf 87' lang='lat' dir='ltr'>inven-</span> 
     </span>
     <span class='ocr_line' id='line_1_20' title="bbox 196 2095 885 2234; baseline 0.001 -78"><span class='ocrx_word' id='word_1_109' title='bbox 196 2112 261 2156; x_wconf 90' lang='lat' dir='ltr'>tum</span> <span class='ocrx_word' id='word_1_110' title='bbox 279 2095 377 2189; x_wconf 80' lang='lat' dir='ltr'>aliquo</span> <span class='ocrx_word' id='word_1_111' title='bbox 398 2115 436 2156; x_wconf 89' lang='lat' dir='ltr'>ex</span> <span class='ocrx_word' id='word_1_112' title='bbox 455 2114 584 2176; x_wconf 81' lang='lat' dir='ltr'>genere,</span> <span class='ocrx_word' id='word_1_113' title='bbox 602 2097 665 2155; x_wconf 82' lang='lat' dir='ltr'>rem</span> <span class='ocrx_word' id='word_1_114' title='bbox 686 2095 812 2234; x_wconf 66' lang='lat' dir='ltr'>aligsuam</span> <span class='ocrx_word' id='word_1_115' title='bbox 835 2115 885 2158; x_wconf 87' lang='lat' dir='ltr'>aut</span> 
     </span>
     <span class='ocr_line' id='line_1_21' title="bbox 195 2173 885 2259; baseline 0.004 -24"><span class='ocrx_word' id='word_1_116' title='bbox 195 2175 384 2259; x_wconf 81' lang='lat' dir='ltr'>probabiliter</span> <span class='ocrx_word' id='word_1_117' title='bbox 397 2173 572 2248; x_wconf 85' lang='lat' dir='ltr'>ostendens,</span> <span class='ocrx_word' id='word_1_118' title='bbox 589 2191 637 2234; x_wconf 89' lang='lat' dir='ltr'>aut</span> <span class='ocrx_word' id='word_1_119' title='bbox 653 2196 727 2235; x_wconf 90' lang='lat' dir='ltr'>nece</span> <span class='ocrx_word' id='word_1_120' title='bbox 750 2177 808 2236; x_wconf 69' lang='lat' dir='ltr'>arie</span> <span class='ocrx_word' id='word_1_121' title='bbox 827 2178 885 2239; x_wconf 90' lang='lat' dir='ltr'>de-</span> 
     </span>
     <span class='ocr_line' id='line_1_22' title="bbox 196 2251 887 2332; baseline -0.001 -13"><span class='ocrx_word' id='word_1_122' title='bbox 196 2254 372 2319; x_wconf 86' lang='lat' dir='ltr'>monstrans.</span> <span class='ocrx_word' id='word_1_123' title='bbox 393 2251 558 2313; x_wconf 78' lang='lat' dir='ltr'>Necessarie</span> <span class='ocrx_word' id='word_1_124' title='bbox 577 2253 810 2316; x_wconf 88' lang='lat' dir='ltr'>demonstrantur</span> <span class='ocrx_word' id='word_1_125' title='bbox 829 2277 887 2332; x_wconf 88' lang='lat' dir='ltr'>ea,</span> 
     </span>
     <span class='ocr_line' id='line_1_23' title="bbox 198 2331 886 2418; baseline 0.001 -23"><span class='ocrx_word' id='word_1_126' title='bbox 198 2355 265 2418; x_wconf 82' lang='lat' dir='ltr'>quae</span> <span class='ocrx_word' id='word_1_127' title='bbox 281 2332 363 2393; x_wconf 90' lang='lat' dir='ltr'>aliter</span> <span class='ocrx_word' id='word_1_128' title='bbox 380 2353 412 2392; x_wconf 86' lang='lat' dir='ltr'>ac</span> <span class='ocrx_word' id='word_1_129' title='bbox 425 2331 581 2405; x_wconf 90' lang='lat' dir='ltr'>dicuntur,</span> <span class='ocrx_word' id='word_1_130' title='bbox 597 2352 653 2392; x_wconf 93' lang='lat' dir='ltr'>nec</span> <span class='ocrx_word' id='word_1_131' title='bbox 666 2332 729 2393; x_wconf 88' lang='lat' dir='ltr'>fieri</span> <span class='ocrx_word' id='word_1_132' title='bbox 744 2352 798 2394; x_wconf 89' lang='lat' dir='ltr'>nec</span> <span class='ocrx_word' id='word_1_133' title='bbox 812 2357 886 2416; x_wconf 87' lang='lat' dir='ltr'>pro-</span> 
     </span>
     <span class='ocr_line' id='line_1_24' title="bbox 199 2411 890 2497; baseline 0.003 -21"><span class='ocrx_word' id='word_1_134' title='bbox 199 2418 263 2477; x_wconf 89' lang='lat' dir='ltr'>bati</span> <span class='ocrx_word' id='word_1_135' title='bbox 278 2411 415 2497; x_wconf 87' lang='lat' dir='ltr'>possunt,</span> <span class='ocrx_word' id='word_1_136' title='bbox 430 2412 488 2475; x_wconf 89' lang='lat' dir='ltr'>hoc</span> <span class='ocrx_word' id='word_1_137' title='bbox 502 2411 616 2474; x_wconf 90' lang='lat' dir='ltr'>modo:</span> <span class='ocrx_word' id='word_1_138' title='bbox 631 2411 662 2474; x_wconf 87' lang='lat' dir='ltr'>si</span> <span class='ocrx_word' id='word_1_139' title='bbox 676 2415 809 2495; x_wconf 89' lang='lat' dir='ltr'>peperit,</span> <span class='ocrx_word' id='word_1_140' title='bbox 820 2435 890 2478; x_wconf 88' lang='lat' dir='ltr'>cum</span> 
     </span>
     <span class='ocr_line' id='line_1_25' title="bbox 197 2494 889 2577; baseline -0.001 -19"><span class='ocrx_word' id='word_1_141' title='bbox 197 2501 264 2560; x_wconf 87' lang='lat' dir='ltr'>viro</span> <span class='ocrx_word' id='word_1_142' title='bbox 285 2496 453 2557; x_wconf 89' lang='lat' dir='ltr'>concubuit.</span> <span class='ocrx_word' id='word_1_143' title='bbox 480 2494 550 2554; x_wconf 89' lang='lat' dir='ltr'>Hoc</span> <span class='ocrx_word' id='word_1_144' title='bbox 574 2515 667 2577; x_wconf 87' lang='lat' dir='ltr'>genus</span> <span class='ocrx_word' id='word_1_145' title='bbox 684 2513 889 2577; x_wconf 88' lang='lat' dir='ltr'>argumentan-</span> 
     </span>
     <span class='ocr_line' id='line_1_26' title="bbox 200 2573 891 2661; baseline -0.001 -22"><span class='ocrx_word' id='word_1_146' title='bbox 200 2579 231 2639; x_wconf 89' lang='lat' dir='ltr'>di</span> <span class='ocrx_word' id='word_1_147' title='bbox 241 2624 252 2650; x_wconf 88' lang='lat'>,</span> <span class='ocrx_word' id='word_1_148' title='bbox 261 2577 341 2661; x_wconf 89' lang='lat' dir='ltr'>quod</span> <span class='ocrx_word' id='word_1_149' title='bbox 350 2579 380 2637; x_wconf 89' lang='lat' dir='ltr'>in</span> <span class='ocrx_word' id='word_1_150' title='bbox 391 2573 546 2638; x_wconf 85' lang='lat' dir='ltr'>necessaria</span> <span class='ocrx_word' id='word_1_151' title='bbox 556 2574 806 2638; x_wconf 82' lang='lat' dir='ltr'>demonstratione</span> <span class='ocrx_word' id='word_1_152' title='bbox 818 2584 891 2640; x_wconf 72' lang='lat' dir='ltr'>vet-</span> 
     </span>
     <span class='ocr_line' id='line_1_27' title="bbox 199 2656 889 2734; baseline 0.001 -14"><span class='ocrx_word' id='word_1_153' title='bbox 199 2659 299 2734; x_wconf 88' lang='lat' dir='ltr'>satur,</span> <span class='ocrx_word' id='word_1_154' title='bbox 318 2661 445 2720; x_wconf 88' lang='lat' dir='ltr'>maxime</span> <span class='ocrx_word' id='word_1_155' title='bbox 462 2657 598 2718; x_wconf 69' lang='lat' dir='ltr'>tradatur</span> <span class='ocrx_word' id='word_1_156' title='bbox 620 2658 650 2717; x_wconf 90' lang='lat' dir='ltr'>in</span> <span class='ocrx_word' id='word_1_157' title='bbox 668 2656 820 2733; x_wconf 89' lang='lat' dir='ltr'>dicendo,</span> <span class='ocrx_word' id='word_1_158' title='bbox 838 2676 889 2721; x_wconf 91' lang='lat' dir='ltr'>aut</span> 
     </span>
     <span class='ocr_line' id='line_1_28' title="bbox 199 2741 890 2823; baseline 0 -22"><span class='ocrx_word' id='word_1_159' title='bbox 199 2761 254 2823; x_wconf 91' lang='lat' dir='ltr'>pet</span> <span class='ocrx_word' id='word_1_160' title='bbox 270 2741 528 2822; x_wconf 84' lang='lat' dir='ltr'>complexionem,</span> <span class='ocrx_word' id='word_1_161' title='bbox 550 2755 599 2799; x_wconf 89' lang='lat' dir='ltr'>aut</span> <span class='ocrx_word' id='word_1_162' title='bbox 616 2758 671 2821; x_wconf 87' lang='lat' dir='ltr'>pet</span> <span class='ocrx_word' id='word_1_163' title='bbox 689 2742 890 2801; x_wconf 88' lang='lat' dir='ltr'>enumeratio·</span> 
     </span>
     <span class='ocr_line' id='line_1_29' title="bbox 200 2821 869 2902; baseline -0.003 -18"><span class='ocrx_word' id='word_1_164' title='bbox 200 2843 293 2895; x_wconf 88' lang='lat' dir='ltr'>nem,</span> <span class='ocrx_word' id='word_1_165' title='bbox 309 2839 358 2880; x_wconf 90' lang='lat' dir='ltr'>aut</span> <span class='ocrx_word' id='word_1_166' title='bbox 376 2842 430 2902; x_wconf 90' lang='lat' dir='ltr'>per</span> <span class='ocrx_word' id='word_1_167' title='bbox 450 2822 615 2902; x_wconf 89' lang='lat' dir='ltr'>simplicem</span> <span class='ocrx_word' id='word_1_168' title='bbox 636 2821 869 2882; x_wconf 89' lang='lat' dir='ltr'>conclusionem.</span> 
     </span>
    </p>

    <p class='ocr_par' dir='ltr' id='par_1_5' title="bbox 199 2899 891 3147">
     <span class='ocr_line' id='line_1_30' title="bbox 244 2899 891 2983; baseline 0 -21"><span class='ocrx_word' id='word_1_169' title='bbox 244 2918 295 2981; x_wconf 83' lang='lat'>45.</span> <span class='ocrx_word' id='word_1_170' title='bbox 306 2899 485 2983; x_wconf 87' lang='lat' dir='ltr'>Complexio</span> <span class='ocrx_word' id='word_1_171' title='bbox 498 2902 539 2963; x_wconf 89' lang='lat' dir='ltr'>est</span> <span class='ocrx_word' id='word_1_172' title='bbox 549 2948 559 2977; x_wconf 94' lang='lat'>,</span> <span class='ocrx_word' id='word_1_173' title='bbox 570 2905 600 2962; x_wconf 91' lang='lat' dir='ltr'>in</span> <span class='ocrx_word' id='word_1_174' title='bbox 611 2922 669 2982; x_wconf 90' lang='lat' dir='ltr'>qua</span> <span class='ocrx_word' id='word_1_175' title='bbox 681 2947 691 2976; x_wconf 91' lang='lat'>,</span> <span class='ocrx_word' id='word_1_176' title='bbox 705 2919 801 2962; x_wconf 88' lang='lat' dir='ltr'>utrum</span> <span class='ocrx_word' id='word_1_177' title='bbox 817 2921 891 2962; x_wconf 92' lang='lat' dir='ltr'>con·</span> 
     </span>
     <span class='ocr_line' id='line_1_31' title="bbox 203 2978 887 3063; baseline 0.001 -22"><span class='ocrx_word' id='word_1_178' title='bbox 203 2978 338 3056; x_wconf 77' lang='lat' dir='ltr'>cess‘eris,</span> <span class='ocrx_word' id='word_1_179' title='bbox 355 2982 597 3063; x_wconf 90' lang='lat' dir='ltr'>reprehenditur,</span> <span class='ocrx_word' id='word_1_180' title='bbox 609 2982 647 3040; x_wconf 89' lang='lat' dir='ltr'>ad</span> <span class='ocrx_word' id='word_1_181' title='bbox 660 2983 736 3042; x_wconf 91' lang='lat' dir='ltr'>hunc</span> <span class='ocrx_word' id='word_1_182' title='bbox 745 2980 887 3042; x_wconf 84' lang='lat' dir='ltr'>modum:</span> 
     </span>
     <span class='ocr_line' id='line_1_32' title="bbox 199 3059 891 3147; baseline 0.001 -22"><span class='ocrx_word' id='word_1_183' title='bbox 199 3063 234 3125; x_wconf 81' lang='lat' dir='ltr'>Si</span> <span class='ocrx_word' id='word_1_184' title='bbox 253 3062 404 3145; x_wconf 86' lang='lat' dir='ltr'>improbus</span> <span class='ocrx_word' id='word_1_185' title='bbox 422 3059 484 3139; x_wconf 87' lang='lat' dir='ltr'>est,</span> <span class='ocrx_word' id='word_1_186' title='bbox 503 3083 553 3126; x_wconf 88' lang='lat' dir='ltr'>cut</span> <span class='ocrx_word' id='word_1_187' title='bbox 567 3061 681 3124; x_wconf 81' lang='lat' dir='ltr'>uteris?</span> <span class='ocrx_word' id='word_1_188' title='bbox 696 3064 740 3124; x_wconf 80' lang='lat' dir='ltr'>sin</span> <span class='ocrx_word' id='word_1_189' title='bbox 757 3062 891 3147; x_wconf 83' lang='lat' dir='ltr'>probus,</span> 
     </span>
    </p>
   </div>
   <div class='ocr_carea' id='block_1_3' title="bbox 0 0 1225 4067">
    <p class='ocr_par' dir='ltr' id='par_1_6' title="bbox 0 0 1225 4067">
     <span class='ocr_line' id='line_1_33' title="bbox 0 0 1225 4067; baseline 0 0"><span class='ocrx_word' id='word_1_190' title='bbox 0 0 1225 4067; x_wconf 95' lang='lat' dir='ltr'> </span> 
     </span>
    </p>
   </div>
  </div>
 </body>
</html>
