2400 4067
564 688 688 740 AD
744 669 1273 739 HERENNJUM
1324 666 1401 737 L,
1452 666 1612 738 III.
1714 686 1806 762 71

470 792 601 842 imus
619 823 634 847 ‚
665 801 849 839 tantum
870 789 918 838 in
935 789 1118 856 singula
1139 789 1393 839 intervalla
1414 788 1549 854 spatii
1567 784 1820 839 consume·

470 882 509 914 re
546 863 787 930 jubemur.
826 863 879 912 In
915 861 1363 928 amplificationibus
1385 895 1400 920 ‚
1443 878 1551 911 cum
1592 863 1822 911 cohorta-

470 939 597 988 u'one
630 948 817 986 utemur
845 950 972 986 voce
1001 936 1382 986 attenuatissim‘a
1401 969 1417 994 ‚
1453 936 1665 984 clamore
1688 935 1824 994 leni,

470 1012 579 1061 Yono
614 1009 784 1076 aequali
804 1043 823 1066 ‚
866 1010 1316 1059 commutationibus
1359 1009 1539 1058 crebris
1563 1041 1578 1066 ,
1623 1008 1830 1059 maximi

470 1084 732 1134 :cleritate.
761 1084 815 1132 ln
837 1081 1180 1149 conquestione
1199 1095 1390 1132 utemur
1409 1098 1535 1132 voce
1552 1081 1788 1148 'depressa
1811 1114 1828 1140 ,

470 1157 690 1208 nelinato
718 1156 835 1206 sono
854 1189 870 1215 ,
909 1155 1091 1205 crebris
1117 1156 1380 1207 intervallis
1399 1189 1414 1215 ‚
1449 1156 1605 1223 longis
1631 1154 1788 1221 spatiis
1809 1188 1825 1213 ‚

470 1232 640 1298 nagnis
669 1228 1137 1279 commutationibus.

535 1305 586 1354 X
601 1304 671 1357 V.
711 1304 793 1353 De
809 1301 966 1371 figura
981 1304 1119 1354 vocis
1145 1303 1256 1354 satis
1289 1302 1463 1353 distum
1492 1301 1558 1353 est
1582 1317 1600 1352 ε
1625 1318 1752 1352 nunc
1768 1301 1829 1351 de

470 1377 689 1443 corporis
711 1366 845 1426 motu
866 1377 1118 1427 dicendum
1140 1376 1352 1427 videtur.
1379 1376 1551 1426 Motus
1570 1375 1636 1425 est
1656 1390 1832 1442 corpo-

470 1451 532 1500 ris
561 1450 717 1518 gestus
736 1483 751 1507 ‚
780 1450 830 1500 &
847 1451 1011 1500 vultus
1028 1451 1296 1500 moderatio
1318 1450 1534 1516 quaedam
1552 1483 1567 1509 ,
1587 1467 1704 1515 .quae
1721 1462 1835 1515 pro·-

470 1523 708 1573 nuntianti
736 1525 965 1573 convenit
986 1556 1003 1582 ,
1031 1523 1083 1572 ὃ(
1101 1524 1422 1588 probabiliora
1438 1523 1599 1571 reddit
1617 1537 1675 1572 ea
1689 1555 1705 1580 ,
1728 1538 1837 1586 quae

470 1594 862 1662 pronuntiantur.
903 1593 1155 1643 Convenit
1181 1596 1325 1660 igitur
1353 1596 1404 1642 in
1431 1596 1571 1642 vultu
1602 1593 1839 1658 pudorem

479 1671 533 1718 ὃ(
558 1667 863 1716 acrimoniam
894 1665 986 1715 effe
1011 1682 1025 1716 t
1050 1668 1100 1715 in
1134 1666 1266 1733 gestu
1287 1682 1378 1715 nec
1397 1665 1690 1716 venustatem
1727 1682 1841 1716 con·

477 1741 690 1808 spicuam
712 1772 727 1798 ,
755 1754 845 1788 nec
862 1739 1206 1805 turpitudinem
1227 1738 1319 1789 effe
1337 1773 1354 1798 ,
1374 1756 1435 1788 ne
1454 1751 1539 1789 aut
1558 1739 1806 1789 histriones
1821 1772 1840 1798 ,

475 1824 564 1863 aut
594 1813 802 1878 operarii
833 1812 1076 1861 videamur
1097 1811 1209 1862 effe.
1254 1812 1331 1862 Ad
1362 1812 1550 1863 easdem
1570 1814 1716 1880 igitur
1735 1830 1848 1879 par-

474 1900 553 1937 tes
574 1921 590 1946 ‚
614 1887 663 1935 in
691 1902 806 1951 quas
834 1902 932 1935 vox
955 1886 1019 1935 est
1042 1886 1284 1936 distributa
1299 1919 1313 1944 ‚
1340 1887 1499 1936 motsss
1522 1903 1717 1954 quoque
1741 1903 1847 1936 cor-

476 1961 611 2026 poris
647 1959 772 2009 ratio
818 1959 1009 2009 videtur
1044 1959 1137 2010 effe
1175 1960 1602 2010 accommodanda.
1646 1961 1769 2011 Nam
1805 1960 1848 2011 si

479 2035 577 2084 erit
601 2033 751 2082 sermo
771 2049 878 2083 cum
899 2033 1128 2101 dignitate
1153 2051 1170 2093 3
1209 2034 1383 2084 stantes
1405 2035 1453 2084 in
1472 2033 1672 2102 vestigio
1696 2069 1711 2094 ,
1749 2035 1847 2084 levi

479 2108 699 2158 dexterae
715 2120 848 2157 motu
866 2108 998 2173 loqui
1020 2109 1269 2173 oportebit
1289 2140 1304 2166 ,
1322 2108 1564 2157 hilaritate
1582 2142 1597 2166 ,
1624 2106 1811 2160 tristitia
1823 2142 1841 2165 ,

482 2181 820 2230 mediocritate
842 2181 1004 2230 vultus
1032 2182 1093 2230 ad
1119 2181 1347 2231 sermonis
1369 2181 1629 2230 sententias
1654 2197 1850 2231 accom-

485 2253 702 2304 modata.
738 2254 821 2304 sin
860 2253 952 2304 erit
983 2254 1032 2302 in
1063 2254 1466 2304 demonstratione
1501 2254 1694 2312 sermo3
1736 2270 1854 2320 pau-

485 2329 637 2378 lulum
661 2343 835 2390 corpus
852 2343 879 2374 a
906 2326 1173 2376 cervicibus
1193 2326 1499 2376 demittemus
1518 2343 1533 2378 τ
1553 2342 1662 2376 nam
1675 2326 1772 2375 hoc
1789 2326 1857 2376 est

486 2418 515 2449 a
535 2411 705 2449 natura
731 2398 891 2445 datum
910 2430 926 2455 ,
954 2411 1007 2447 ut
1024 2402 1165 2463 quam
1188 2398 1407 2463 proxime
1424 2411 1527 2448 tum
1547 2400 1736 2448 vultum
1755 2411 1858 2448 turn

491 2485 688 2522 manum
715 2468 1052 2517 admoveamus
1089 2471 1152 2516 ad
1184 2470 1431 2516 auditores
1450 2499 1467 2524 ‚
1508 2472 1550 2517 si
1582 2480 1721 2532 quam
1757 2482 1862 2517 rem

497 2545 682 2592 docere
710 2554 797 2588 eos
823 2570 837 2596 ,
872 2538 924 2587 &
943 2539 1260 2587 vehementer
1288 2537 1507 2602 instigare
1520 2538 1757 2587 veliunt.
1780 2538 1867 2589 δὴ

497 2617 596 2665 erit
618 2615 666 2663 in
691 2611 966 2661 narratione
995 2609 1149 2659 sermo
1165 2625 1182 2668 3
1219 2609 1344 2657 idem
1366 2620 1529 2657 motus
1557 2607 1740 2673 poterit
1763 2606 1876 2663 idi:-
1904 2606 1914 2607 7
1988 2606 1995 2607 ’

497 2705 619 2739 neus
649 2684 743 2735 effe
767 2718 783 2745 ,
812 2684 896 2750 qui
921 2682 1065 2750 paulo
1092 2681 1206 2733 anti:
1229 2680 1631 2732 demonstrabatur
1651 2684 1699 2732 in
1719 2680 1765 2732 di

497 2773 623 2812 tute.
649 2759 731 2808 Sin
751 2759 798 2808 in
818 2757 1067 2824 jocatione
1091 2774 1108 2815 3
1144 2757 1284 2806 vultu
1307 2754 1557 2821 quamdam
1587 2756 1780 2804 deheff.

502 2833 794 2885 hilaritatem
821 2829 1087 2898 significare
1111 2863 1127 2889 ,
1159 2831 1264 2880 sine
1286 2829 1661 2880 commutatione
1684 2844 1723 2896 ‘g
1771 2824 1775 2827 ἴ

583 2922 672 2968 27.
710 2905 761 2953 Si
782 2905 1131 2954 contendemus
1165 2919 1253 2968 per
1271 2903 1731 2960 continuationemfi

505 2980 622 3029 chio
654 2978 802 3026 celeri
824 3011 839 3035 ,
873 2979 1037 3027 mobili
1065 2979 1205 3026 vultu
1233 3009 1250 3034 ‚
1276 2976 1376 3024 acri
1406 2974 1627 3040 adspectu

510 3053 597 3100 Sin
631 3051 882 3097 contentio
909 3048 994 3099 fiet
1023 3066 1112 3116 per
1133 3048 1513 3098 distributionem
1536 3064 1553 3105 3
1579 3043 1750 3106 celtis

511 3122 731 3172 temone
752 3121 967 3178 brachii,
997 3121 1371 3171 inambulatione
1392 3153 1407 3179 ,
1433 3121 1570 3186 pedis
1591 3116 1747 3172 :lena-1

505 3192 851 3262 supplausione
874 3225 892 3248 ‚
924 3194 1022 3244 acri
1059 3195 1107 3246 δε
1132 3193 1298 3246 defixo
1330 3193 1555 3259 adspeau
1579 3192 1651 3245 uti
1679 3203 1860 3248 unc-tw
