<?xml version="1.0" encoding="UTF-8"?>
<!DOCTYPE html PUBLIC "-//W3C//DTD XHTML 1.0 Transitional//EN"
    "http://www.w3.org/TR/xhtml1/DTD/xhtml1-transitional.dtd">
<html xmlns="http://www.w3.org/1999/xhtml" xml:lang="en" lang="en">
 <head>
  <title>
</title>
<meta http-equiv="Content-Type" content="text/html;charset=utf-8" />
  <meta name='ocr-system' content='tesseract 3.04.00' />
  <meta name='ocr-capabilities' content='ocr_page ocr_carea ocr_par ocr_line ocrx_word'/>
</head>
<body>
  <div class='ocr_page' id='page_1' title='image "./mtulliiciceroni01lallgoog_0382.png"; bbox 0 0 2400 4067; ppageno 0'>
   <div class='ocr_carea' id='block_1_1' title="bbox 240 445 780 542">
    <p class='ocr_par' dir='ltr' id='par_1_1' title="bbox 240 445 780 542">
     <span class='ocr_line' id='line_1_1' title="bbox 240 445 780 542; baseline -0.011 -26"><span class='ocrx_word' id='word_1_1' title='bbox 240 467 317 542; x_wconf 79' lang='lat'><strong>372</strong></span> <span class='ocrx_word' id='word_1_2' title='bbox 389 445 780 514; x_wconf 67' lang='lat' dir='ltr'><strong>Pnnrtrtonas</strong></span> 
     </span>
    </p>
   </div>
   <div class='ocr_carea' id='block_1_2' title="bbox 237 557 926 2015">
    <p class='ocr_par' dir='ltr' id='par_1_2' title="bbox 237 557 926 1038">
     <span class='ocr_line' id='line_1_2' title="bbox 237 557 925 643; baseline -0.009 -21"><span class='ocrx_word' id='word_1_3' title='bbox 237 577 338 622; x_wconf 80' lang='lat' dir='ltr'><strong>autem</strong></span> <span class='ocrx_word' id='word_1_4' title='bbox 362 560 481 643; x_wconf 67' lang='lat' dir='ltr'><strong>aliqui,</strong></span> <span class='ocrx_word' id='word_1_5' title='bbox 508 580 572 640; x_wconf 87' lang='lat' dir='ltr'><strong>quae</strong></span> <span class='ocrx_word' id='word_1_6' title='bbox 591 557 654 618; x_wconf 89' lang='lat' dir='ltr'><strong>sunt</strong></span> <span class='ocrx_word' id='word_1_7' title='bbox 673 560 703 618; x_wconf 87' lang='lat' dir='ltr'><strong>in</strong></span> <span class='ocrx_word' id='word_1_8' title='bbox 723 557 858 640; x_wconf 87' lang='lat' dir='ltr'><strong>corporis</strong></span> <span class='ocrx_word' id='word_1_9' title='bbox 877 571 925 617; x_wconf 81' lang='lat' dir='ltr'><strong>aut</strong></span> 
     </span>
     <span class='ocr_line' id='line_1_3' title="bbox 238 638 924 722; baseline -0.007 -20"><span class='ocrx_word' id='word_1_10' title='bbox 238 641 365 702; x_wconf 81' lang='lat' dir='ltr'><strong>fortunae</strong></span> <span class='ocrx_word' id='word_1_11' title='bbox 387 641 473 702; x_wconf 91' lang='lat' dir='ltr'><strong>bonis</strong></span> <span class='ocrx_word' id='word_1_12' title='bbox 500 641 691 720; x_wconf 83' lang='lat' dir='ltr'><strong>expetenda:</strong></span> <span class='ocrx_word' id='word_1_13' title='bbox 721 659 849 722; x_wconf 86' lang='lat' dir='ltr'><strong>quorum</strong></span> <span class='ocrx_word' id='word_1_14' title='bbox 872 638 924 698; x_wconf 87' lang='lat' dir='ltr'><strong>alia</strong></span> 
     </span>
     <span class='ocr_line' id='line_1_4' title="bbox 238 717 924 804; baseline -0.007 -19"><span class='ocrx_word' id='word_1_15' title='bbox 238 722 303 785; x_wconf 83' lang='lat' dir='ltr'><strong>sunt</strong></span> <span class='ocrx_word' id='word_1_16' title='bbox 323 725 403 804; x_wconf 86' lang='lat' dir='ltr'><strong>quasi</strong></span> <span class='ocrx_word' id='word_1_17' title='bbox 418 721 548 803; x_wconf 89' lang='lat' dir='ltr'><strong>quodam</strong></span> <span class='ocrx_word' id='word_1_18' title='bbox 570 721 662 782; x_wconf 87' lang='lat' dir='ltr'><strong>modo</strong></span> <span class='ocrx_word' id='word_1_19' title='bbox 682 742 750 781; x_wconf 92' lang='lat' dir='ltr'><strong>cum</strong></span> <span class='ocrx_word' id='word_1_20' title='bbox 770 717 924 780; x_wconf 85' lang='lat' dir='ltr'><strong>honestate</strong></span> 
     </span>
     <span class='ocr_line' id='line_1_5' title="bbox 240 800 925 884; baseline -0.007 -21"><span class='ocrx_word' id='word_1_21' title='bbox 240 800 413 883; x_wconf 61' lang='lat' dir='ltr'><strong>conjnnffl,</strong></span> <span class='ocrx_word' id='word_1_22' title='bbox 430 819 462 862; x_wconf 88' lang='lat' dir='ltr'><strong>ut</strong></span> <span class='ocrx_word' id='word_1_23' title='bbox 482 802 579 862; x_wconf 86' lang='lat' dir='ltr'><strong>honos</strong></span> <span class='ocrx_word' id='word_1_24' title='bbox 592 847 602 875; x_wconf 87' lang='lat'><strong>‚</strong></span> <span class='ocrx_word' id='word_1_25' title='bbox 617 819 649 862; x_wconf 89' lang='lat' dir='ltr'><strong>ut</strong></span> <span class='ocrx_word' id='word_1_26' title='bbox 669 801 785 884; x_wconf 84' lang='lat' dir='ltr'><strong>gloria:</strong></span> <span class='ocrx_word' id='word_1_27' title='bbox 809 801 865 861; x_wconf 90' lang='lat' dir='ltr'><strong>alia</strong></span> <span class='ocrx_word' id='word_1_28' title='bbox 881 800 925 859; x_wconf 93' lang='lat' dir='ltr'><strong>di·</strong></span> 
     </span>
     <span class='ocr_line' id='line_1_6' title="bbox 239 881 926 958; baseline -0.004 -13"><span class='ocrx_word' id='word_1_29' title='bbox 239 882 345 958; x_wconf 85' lang='lat' dir='ltr'><strong>versa,</strong></span> <span class='ocrx_word' id='word_1_30' title='bbox 362 885 504 957; x_wconf 88' lang='lat' dir='ltr'><strong>utvires,</strong></span> <span class='ocrx_word' id='word_1_31' title='bbox 520 882 632 957; x_wconf 85' lang='lat' dir='ltr'><strong>forma,</strong></span> <span class='ocrx_word' id='word_1_32' title='bbox 653 882 819 957; x_wconf 76' lang='lat' dir='ltr'><strong>valetudo,</strong></span> <span class='ocrx_word' id='word_1_33' title='bbox 840 881 926 943; x_wconf 87' lang='lat' dir='ltr'><strong>nobi·</strong></span> 
     </span>
     <span class='ocr_line' id='line_1_7' title="bbox 240 963 643 1038; baseline -0.01 -12"><span class='ocrx_word' id='word_1_34' title='bbox 240 967 326 1038; x_wconf 87' lang='lat' dir='ltr'><strong>litas,</strong></span> <span class='ocrx_word' id='word_1_35' title='bbox 346 964 474 1037; x_wconf 80' lang='lat' dir='ltr'><strong>divitiae,</strong></span> <span class='ocrx_word' id='word_1_36' title='bbox 491 963 643 1024; x_wconf 83' lang='lat' dir='ltr'><strong>clientelae.</strong></span> 
     </span>
    </p>

    <p class='ocr_par' dir='ltr' id='par_1_3' title="bbox 238 1043 926 2015">
     <span class='ocr_line' id='line_1_8' title="bbox 284 1043 925 1125; baseline 0 -21"><span class='ocrx_word' id='word_1_37' title='bbox 284 1044 385 1105; x_wconf 88' lang='lat' dir='ltr'><strong>XXV.</strong></span> <span class='ocrx_word' id='word_1_38' title='bbox 400 1043 449 1104; x_wconf 81' lang='lat' dir='ltr'><strong>Est</strong></span> <span class='ocrx_word' id='word_1_39' title='bbox 460 1047 547 1104; x_wconf 85' lang='lat' dir='ltr'><strong>etiam</strong></span> <span class='ocrx_word' id='word_1_40' title='bbox 557 1049 639 1125; x_wconf 87' lang='lat' dir='ltr'>quasi</span> <span class='ocrx_word' id='word_1_41' title='bbox 647 1043 780 1125; x_wconf 85' lang='lat' dir='ltr'><strong>quaedam</strong></span> <span class='ocrx_word' id='word_1_42' title='bbox 791 1046 925 1104; x_wconf 82' lang='lat' dir='ltr'><strong>materies</strong></span> 
     </span>
     <span class='ocr_line' id='line_1_9' title="bbox 241 1122 926 1205; baseline -0.006 -18"><span class='ocrx_word' id='word_1_43' title='bbox 241 1124 369 1204; x_wconf 72' lang='lat' dir='ltr'><strong>subjetla</strong></span> <span class='ocrx_word' id='word_1_44' title='bbox 383 1122 546 1197; x_wconf 89' lang='lat' dir='ltr'><strong>honestati;</strong></span> <span class='ocrx_word' id='word_1_45' title='bbox 564 1147 628 1205; x_wconf 90' lang='lat' dir='ltr'><strong>quae</strong></span> <span class='ocrx_word' id='word_1_46' title='bbox 647 1125 771 1185; x_wconf 74' lang='lat' dir='ltr'><strong>maxime</strong></span> <span class='ocrx_word' id='word_1_47' title='bbox 784 1123 926 1204; x_wconf 63' lang='lat' dir='ltr'><strong>{pellatur</strong></span> 
     </span>
     <span class='ocr_line' id='line_1_10' title="bbox 240 1204 925 1266; baseline 0 0"><span class='ocrx_word' id='word_1_48' title='bbox 240 1209 272 1266; x_wconf 87' lang='lat' dir='ltr'><strong>in</strong></span> <span class='ocrx_word' id='word_1_49' title='bbox 294 1207 434 1266; x_wconf 83' lang='lat' dir='ltr'><strong>amicitiis.</strong></span> <span class='ocrx_word' id='word_1_50' title='bbox 469 1205 614 1265; x_wconf 87' lang='lat' dir='ltr'><strong>Amicitiae</strong></span> <span class='ocrx_word' id='word_1_51' title='bbox 635 1224 734 1266; x_wconf 89' lang='lat' dir='ltr'><strong>autem</strong></span> <span class='ocrx_word' id='word_1_52' title='bbox 754 1204 925 1266; x_wconf 83' lang='lat' dir='ltr'><strong>caritate&amp;</strong></span> 
     </span>
     <span class='ocr_line' id='line_1_11' title="bbox 241 1287 924 1368; baseline -0.007 -19"><span class='ocrx_word' id='word_1_53' title='bbox 241 1307 343 1349; x_wconf 87' lang='lat' dir='ltr'><strong>amore</strong></span> <span class='ocrx_word' id='word_1_54' title='bbox 366 1304 546 1349; x_wconf 85' lang='lat' dir='ltr'><strong>cernuntur:</strong></span> <span class='ocrx_word' id='word_1_55' title='bbox 574 1308 643 1346; x_wconf 90' lang='lat' dir='ltr'><strong>nam</strong></span> <span class='ocrx_word' id='word_1_56' title='bbox 668 1308 757 1368; x_wconf 88' lang='lat' dir='ltr'><strong>quum</strong></span> <span class='ocrx_word' id='word_1_57' title='bbox 780 1287 924 1359; x_wconf 91' lang='lat' dir='ltr'><strong>deorum,</strong></span> 
     </span>
     <span class='ocr_line' id='line_1_12' title="bbox 241 1368 925 1450; baseline -0.006 -21"><span class='ocrx_word' id='word_1_58' title='bbox 241 1384 306 1429; x_wconf 84' lang='lat' dir='ltr'><strong>tum</strong></span> <span class='ocrx_word' id='word_1_59' title='bbox 318 1385 489 1450; x_wconf 84' lang='lat' dir='ltr'><strong>parentum,</strong></span> <span class='ocrx_word' id='word_1_60' title='bbox 507 1370 665 1450; x_wconf 79' lang='lat' dir='ltr'><strong>patriaeque</strong></span> <span class='ocrx_word' id='word_1_61' title='bbox 676 1368 768 1428; x_wconf 73' lang='lat' dir='ltr'><strong>cultus</strong></span> <span class='ocrx_word' id='word_1_62' title='bbox 782 1413 793 1440; x_wconf 87' lang='lat'>,</span> <span class='ocrx_word' id='word_1_63' title='bbox 809 1387 925 1428; x_wconf 88' lang='lat' dir='ltr'><strong>eorum·</strong></span> 
     </span>
     <span class='ocr_line' id='line_1_13' title="bbox 242 1449 925 1530; baseline -0.003 -22"><span class='ocrx_word' id='word_1_64' title='bbox 242 1470 300 1530; x_wconf 91' lang='lat' dir='ltr'><strong>que</strong></span> <span class='ocrx_word' id='word_1_65' title='bbox 310 1449 462 1511; x_wconf 89' lang='lat' dir='ltr'><strong>hominum</strong></span> <span class='ocrx_word' id='word_1_66' title='bbox 472 1495 486 1522; x_wconf 86' lang='lat'>‚</span> <span class='ocrx_word' id='word_1_67' title='bbox 501 1450 551 1530; x_wconf 89' lang='lat' dir='ltr'><strong>qui</strong></span> <span class='ocrx_word' id='word_1_68' title='bbox 572 1466 620 1509; x_wconf 85' lang='lat' dir='ltr'><strong>aut</strong></span> <span class='ocrx_word' id='word_1_69' title='bbox 636 1449 772 1530; x_wconf 69' lang='lat' dir='ltr'><strong>sapientia</strong></span> <span class='ocrx_word' id='word_1_70' title='bbox 791 1465 842 1515; x_wconf 89' lang='lat' dir='ltr'><strong>aut</strong></span> <span class='ocrx_word' id='word_1_71' title='bbox 862 1450 925 1528; x_wconf 83' lang='lat' dir='ltr'><strong>opi·</strong></span> 
     </span>
     <span class='ocr_line' id='line_1_14' title="bbox 241 1527 925 1604; baseline -0.001 -14"><span class='ocrx_word' id='word_1_72' title='bbox 241 1531 296 1590; x_wconf 84' lang='lat' dir='ltr'><strong>bus</strong></span> <span class='ocrx_word' id='word_1_73' title='bbox 312 1531 477 1604; x_wconf 86' lang='lat' dir='ltr'><strong>excellunt,</strong></span> <span class='ocrx_word' id='word_1_74' title='bbox 497 1530 535 1590; x_wconf 86' lang='lat' dir='ltr'><strong>ad</strong></span> <span class='ocrx_word' id='word_1_75' title='bbox 555 1533 704 1590; x_wconf 88' lang='lat' dir='ltr'><strong>caritatem</strong></span> <span class='ocrx_word' id='word_1_76' title='bbox 721 1529 826 1590; x_wconf 87' lang='lat' dir='ltr'><strong>referri</strong></span> <span class='ocrx_word' id='word_1_77' title='bbox 842 1527 925 1589; x_wconf 87' lang='lat' dir='ltr'><strong>solet.</strong></span> 
     </span>
     <span class='ocr_line' id='line_1_15' title="bbox 242 1609 924 1694; baseline -0.006 -21"><span class='ocrx_word' id='word_1_78' title='bbox 242 1609 396 1694; x_wconf 67' lang='lat' dir='ltr'><strong>Coniuges</strong></span> <span class='ocrx_word' id='word_1_79' title='bbox 410 1628 526 1685; x_wconf 91' lang='lat' dir='ltr'><strong>autem,</strong></span> <span class='ocrx_word' id='word_1_80' title='bbox 545 1610 577 1669; x_wconf 89' lang='lat'>&amp;</span> <span class='ocrx_word' id='word_1_81' title='bbox 590 1611 694 1684; x_wconf 84' lang='lat' dir='ltr'><strong>liberi,</strong></span> <span class='ocrx_word' id='word_1_82' title='bbox 712 1610 744 1669; x_wconf 88' lang='lat'>&amp;</span> <span class='ocrx_word' id='word_1_83' title='bbox 756 1610 880 1683; x_wconf 83' lang='lat' dir='ltr'><strong>fratres,</strong></span> <span class='ocrx_word' id='word_1_84' title='bbox 893 1609 924 1669; x_wconf 87' lang='lat'>&amp;</span> 
     </span>
     <span class='ocr_line' id='line_1_16' title="bbox 241 1689 926 1774; baseline -0.004 -23"><span class='ocrx_word' id='word_1_85' title='bbox 241 1692 308 1764; x_wconf 85' lang='lat' dir='ltr'><strong>alii,</strong></span> <span class='ocrx_word' id='word_1_86' title='bbox 326 1714 400 1774; x_wconf 90' lang='lat' dir='ltr'><strong>quos</strong></span> <span class='ocrx_word' id='word_1_87' title='bbox 416 1692 497 1766; x_wconf 89' lang='lat' dir='ltr'><strong>usus,</strong></span> <span class='ocrx_word' id='word_1_88' title='bbox 514 1690 745 1773; x_wconf 84' lang='lat' dir='ltr'><strong>familiaritasque</strong></span> <span class='ocrx_word' id='word_1_89' title='bbox 755 1689 926 1771; x_wconf 78' lang='lat' dir='ltr'><strong>conjunxit,</strong></span> 
     </span>
     <span class='ocr_line' id='line_1_17' title="bbox 240 1770 924 1855; baseline -0.004 -23"><span class='ocrx_word' id='word_1_90' title='bbox 240 1794 418 1855; x_wconf 90' lang='lat' dir='ltr'><strong>quamquam</strong></span> <span class='ocrx_word' id='word_1_91' title='bbox 446 1775 533 1833; x_wconf 91' lang='lat' dir='ltr'><strong>etiam</strong></span> <span class='ocrx_word' id='word_1_92' title='bbox 559 1774 678 1832; x_wconf 88' lang='lat' dir='ltr'><strong>caritate</strong></span> <span class='ocrx_word' id='word_1_93' title='bbox 704 1770 793 1852; x_wconf 64' lang='lat' dir='ltr'><strong>ipsa,</strong></span> <span class='ocrx_word' id='word_1_94' title='bbox 827 1789 924 1831; x_wconf 89' lang='lat' dir='ltr'><strong>tamen</strong></span> 
     </span>
     <span class='ocr_line' id='line_1_18' title="bbox 239 1849 924 1934; baseline -0.006 -20"><span class='ocrx_word' id='word_1_95' title='bbox 239 1874 344 1915; x_wconf 84' lang='lat' dir='ltr'><strong>amore</strong></span> <span class='ocrx_word' id='word_1_96' title='bbox 360 1854 485 1912; x_wconf 74' lang='lat' dir='ltr'><strong>maxime</strong></span> <span class='ocrx_word' id='word_1_97' title='bbox 501 1856 696 1913; x_wconf 89' lang='lat' dir='ltr'><strong>continentur.</strong></span> <span class='ocrx_word' id='word_1_98' title='bbox 729 1851 761 1912; x_wconf 92' lang='lat' dir='ltr'><strong>In</strong></span> <span class='ocrx_word' id='word_1_99' title='bbox 778 1852 824 1911; x_wconf 89' lang='lat' dir='ltr'><strong>his</strong></span> <span class='ocrx_word' id='word_1_100' title='bbox 841 1849 924 1934; x_wconf 86' lang='lat' dir='ltr'><strong>igitur</strong></span> 
     </span>
     <span class='ocr_line' id='line_1_19' title="bbox 238 1931 925 2015; baseline -0.003 -22"><span class='ocrx_word' id='word_1_101' title='bbox 238 1934 327 1994; x_wconf 79' lang='lat' dir='ltr'><strong>rebus</strong></span> <span class='ocrx_word' id='word_1_102' title='bbox 352 1954 442 2015; x_wconf 88' lang='lat' dir='ltr'><strong>quum</strong></span> <span class='ocrx_word' id='word_1_103' title='bbox 463 1934 542 1992; x_wconf 88' lang='lat' dir='ltr'><strong>bona</strong></span> <span class='ocrx_word' id='word_1_104' title='bbox 560 1935 637 2007; x_wconf 88' lang='lat' dir='ltr'><strong>sint,</strong></span> <span class='ocrx_word' id='word_1_105' title='bbox 665 1933 750 1995; x_wconf 81' lang='lat' dir='ltr'><strong>facile</strong></span> <span class='ocrx_word' id='word_1_106' title='bbox 774 1931 817 1998; x_wconf 85' lang='lat' dir='ltr'><strong>est</strong></span> <span class='ocrx_word' id='word_1_107' title='bbox 839 1932 925 1994; x_wconf 88' lang='lat' dir='ltr'><strong>intel-</strong></span> 
     </span>
    </p>
   </div>
   <div class='ocr_carea' id='block_1_3' title="bbox 237 2013 659 2174">
    <p class='ocr_par' dir='ltr' id='par_1_4' title="bbox 237 2013 659 2174">
     <span class='ocr_line' id='line_1_20' title="bbox 237 2013 659 2174; baseline -0.005 -98"><span class='ocrx_word' id='word_1_108' title='bbox 237 2013 338 2087; x_wconf 69' lang='lat' dir='ltr'><strong>leun,</strong></span> <span class='ocrx_word' id='word_1_109' title='bbox 351 2035 418 2174; x_wconf 60' lang='lat' dir='ltr'><strong>31ae</strong></span> <span class='ocrx_word' id='word_1_110' title='bbox 434 2016 490 2073; x_wconf 89' lang='lat' dir='ltr'><strong>sint</strong></span> <span class='ocrx_word' id='word_1_111' title='bbox 505 2017 659 2074; x_wconf 84' lang='lat' dir='ltr'><strong>contraria.</strong></span> 
     </span>
    </p>
   </div>
   <div class='ocr_carea' id='block_1_4' title="bbox 235 2093 926 3071">
    <p class='ocr_par' dir='ltr' id='par_1_5' title="bbox 235 2093 926 2987">
     <span class='ocr_line' id='line_1_21' title="bbox 248 2093 925 2177; baseline -0.003 -21"><span class='ocrx_word' id='word_1_112' title='bbox 248 2140 251 2145; x_wconf 87' lang='lat'><em>-</em></span> <span class='ocrx_word' id='word_1_113' title='bbox 282 2095 331 2174; x_wconf 86' lang='lat'><strong>89.</strong></span> <span class='ocrx_word' id='word_1_114' title='bbox 386 2095 444 2154; x_wconf 77' lang='lat' dir='ltr'><strong>ubd</strong></span> <span class='ocrx_word' id='word_1_115' title='bbox 459 2096 482 2154; x_wconf 91' lang='lat' dir='ltr'><strong>si</strong></span> <span class='ocrx_word' id='word_1_116' title='bbox 495 2093 608 2175; x_wconf 79' lang='lat' dir='ltr'>semper</span> <span class='ocrx_word' id='word_1_117' title='bbox 620 2095 732 2175; x_wconf 88' lang='lat' dir='ltr'><strong>optima</strong></span> <span class='ocrx_word' id='word_1_118' title='bbox 742 2109 847 2156; x_wconf 79' lang='lat' dir='ltr'><strong>tenere</strong></span> <span class='ocrx_word' id='word_1_119' title='bbox 860 2093 925 2177; x_wconf 90' lang='lat' dir='ltr'><strong>pos·</strong></span> 
     </span>
     <span class='ocr_line' id='line_1_22' title="bbox 236 2174 924 2257; baseline 0.001 -21"><span class='ocrx_word' id='word_1_120' title='bbox 236 2174 355 2250; x_wconf 79' lang='lat' dir='ltr'><strong>semus,</strong></span> <span class='ocrx_word' id='word_1_121' title='bbox 374 2175 452 2236; x_wconf 87' lang='lat' dir='ltr'><strong>haud</strong></span> <span class='ocrx_word' id='word_1_122' title='bbox 470 2175 559 2248; x_wconf 69' lang='lat' dir='ltr'><strong>sane,</strong></span> <span class='ocrx_word' id='word_1_123' title='bbox 583 2178 722 2257; x_wconf 90' lang='lat' dir='ltr'><strong>quoniam</strong></span> <span class='ocrx_word' id='word_1_124' title='bbox 747 2176 870 2255; x_wconf 89' lang='lat' dir='ltr'><strong>quidem</strong></span> <span class='ocrx_word' id='word_1_125' title='bbox 892 2197 924 2237; x_wconf 88' lang='lat' dir='ltr'><strong>ea</strong></span> 
     </span>
     <span class='ocr_line' id='line_1_23' title="bbox 238 2256 926 2340; baseline 0 -23"><span class='ocrx_word' id='word_1_126' title='bbox 238 2256 389 2340; x_wconf 86' lang='lat' dir='ltr'><strong>perspicua</strong></span> <span class='ocrx_word' id='word_1_127' title='bbox 409 2256 500 2330; x_wconf 87' lang='lat' dir='ltr'><strong>sunt,</strong></span> <span class='ocrx_word' id='word_1_128' title='bbox 526 2258 649 2316; x_wconf 83' lang='lat' dir='ltr'><strong>consilio</strong></span> <span class='ocrx_word' id='word_1_129' title='bbox 674 2256 799 2315; x_wconf 80' lang='lat' dir='ltr'><strong>multum</strong></span> <span class='ocrx_word' id='word_1_130' title='bbox 821 2277 926 2339; x_wconf 87' lang='lat' dir='ltr'><strong>egere·</strong></span> 
     </span>
     <span class='ocr_line' id='line_1_24' title="bbox 239 2337 924 2420; baseline -0.001 -23"><span class='ocrx_word' id='word_1_131' title='bbox 239 2359 316 2399; x_wconf 88' lang='lat' dir='ltr'><strong>mus.</strong></span> <span class='ocrx_word' id='word_1_132' title='bbox 345 2337 405 2400; x_wconf 87' lang='lat' dir='ltr'><strong>Sed</strong></span> <span class='ocrx_word' id='word_1_133' title='bbox 419 2341 485 2420; x_wconf 86' lang='lat' dir='ltr'><strong>quia</strong></span> <span class='ocrx_word' id='word_1_134' title='bbox 496 2338 697 2418; x_wconf 87' lang='lat' dir='ltr'><strong>temporibus,</strong></span> <span class='ocrx_word' id='word_1_135' title='bbox 715 2358 780 2417; x_wconf 84' lang='lat' dir='ltr'><strong>quae</strong></span> <span class='ocrx_word' id='word_1_136' title='bbox 798 2340 861 2398; x_wconf 88' lang='lat' dir='ltr'><strong>vim</strong></span> <span class='ocrx_word' id='word_1_137' title='bbox 875 2338 924 2397; x_wconf 88' lang='lat' dir='ltr'><strong>ha·</strong></span> 
     </span>
     <span class='ocr_line' id='line_1_25' title="bbox 238 2418 926 2500; baseline 0 -22"><span class='ocrx_word' id='word_1_138' title='bbox 238 2420 312 2496; x_wconf 85' lang='lat' dir='ltr'><strong>bent</strong></span> <span class='ocrx_word' id='word_1_139' title='bbox 325 2423 499 2492; x_wconf 82' lang='lat' dir='ltr'><strong>maximam,</strong></span> <span class='ocrx_word' id='word_1_140' title='bbox 516 2418 643 2500; x_wconf 81' lang='lat' dir='ltr'><strong>persaepe</strong></span> <span class='ocrx_word' id='word_1_141' title='bbox 660 2420 780 2491; x_wconf 85' lang='lat' dir='ltr'><strong>evenit,</strong></span> <span class='ocrx_word' id='word_1_142' title='bbox 796 2436 828 2476; x_wconf 86' lang='lat' dir='ltr'><strong>ut</strong></span> <span class='ocrx_word' id='word_1_143' title='bbox 847 2420 926 2478; x_wconf 85' lang='lat' dir='ltr'><strong>utili·</strong></span> 
     </span>
     <span class='ocr_line' id='line_1_26' title="bbox 236 2499 925 2579; baseline -0.006 -15"><span class='ocrx_word' id='word_1_144' title='bbox 236 2516 282 2564; x_wconf 76' lang='lat' dir='ltr'><strong>tas</strong></span> <span class='ocrx_word' id='word_1_145' title='bbox 303 2521 370 2560; x_wconf 88' lang='lat' dir='ltr'><strong>cum</strong></span> <span class='ocrx_word' id='word_1_146' title='bbox 388 2499 539 2561; x_wconf 85' lang='lat' dir='ltr'><strong>honestate</strong></span> <span class='ocrx_word' id='word_1_147' title='bbox 560 2517 674 2573; x_wconf 88' lang='lat' dir='ltr'><strong>certet,</strong></span> <span class='ocrx_word' id='word_1_148' title='bbox 696 2519 855 2579; x_wconf 87' lang='lat' dir='ltr'><strong>earumque</strong></span> <span class='ocrx_word' id='word_1_149' title='bbox 875 2520 925 2560; x_wconf 84' lang='lat' dir='ltr'><strong>re-</strong></span> 
     </span>
     <span class='ocr_line' id='line_1_27' title="bbox 236 2579 923 2662; baseline 0.003 -24"><span class='ocrx_word' id='word_1_150' title='bbox 236 2601 302 2638; x_wconf 87' lang='lat' dir='ltr'><strong>rum</strong></span> <span class='ocrx_word' id='word_1_151' title='bbox 324 2584 476 2641; x_wconf 86' lang='lat' dir='ltr'><strong>contentio</strong></span> <span class='ocrx_word' id='word_1_152' title='bbox 500 2580 673 2662; x_wconf 88' lang='lat' dir='ltr'><strong>plerumque</strong></span> <span class='ocrx_word' id='word_1_153' title='bbox 697 2579 923 2640; x_wconf 80' lang='lat' dir='ltr'><strong>deliberationes</strong></span> 
     </span>
     <span class='ocr_line' id='line_1_28' title="bbox 237 2657 925 2743; baseline 0 -23"><span class='ocrx_word' id='word_1_154' title='bbox 237 2657 348 2726; x_wconf 83' lang='lat' dir='ltr'><strong>efficit:</strong></span> <span class='ocrx_word' id='word_1_155' title='bbox 374 2681 411 2720; x_wconf 89' lang='lat' dir='ltr'><strong>ne</strong></span> <span class='ocrx_word' id='word_1_156' title='bbox 427 2678 475 2720; x_wconf 90' lang='lat' dir='ltr'><strong>aut</strong></span> <span class='ocrx_word' id='word_1_157' title='bbox 496 2682 515 2719; x_wconf 92' lang='lat' dir='ltr'>o</span> <span class='ocrx_word' id='word_1_158' title='bbox 538 2679 664 2741; x_wconf 84' lang='lat' dir='ltr'><strong>portuna</strong></span> <span class='ocrx_word' id='word_1_159' title='bbox 682 2682 736 2742; x_wconf 88' lang='lat' dir='ltr'><strong>pro</strong></span> <span class='ocrx_word' id='word_1_160' title='bbox 759 2675 805 2719; x_wconf 89' lang='lat' dir='ltr'><strong>ter</strong></span> <span class='ocrx_word' id='word_1_161' title='bbox 827 2661 925 2743; x_wconf 86' lang='lat' dir='ltr'><strong>digni-</strong></span> 
     </span>
     <span class='ocr_line' id='line_1_29' title="bbox 236 2682 923 2822; baseline 0.003 -22"><span class='ocrx_word' id='word_1_162' title='bbox 236 2756 349 2813; x_wconf 83' lang='lat' dir='ltr'><strong>tatem,</strong></span> <span class='ocrx_word' id='word_1_163' title='bbox 366 2758 415 2800; x_wconf 85' lang='lat' dir='ltr'><strong>aut</strong></span> <span class='ocrx_word' id='word_1_164' title='bbox 428 2683 549 2802; x_wconf 79' lang='lat' dir='ltr'><strong>honetla</strong></span> <span class='ocrx_word' id='word_1_165' title='bbox 564 2764 619 2822; x_wconf 90' lang='lat' dir='ltr'><strong>pro</strong></span> <span class='ocrx_word' id='word_1_166' title='bbox 643 2760 687 2803; x_wconf 89' lang='lat' dir='ltr'><strong>ter</strong></span> <span class='ocrx_word' id='word_1_167' title='bbox 698 2682 855 2800; x_wconf 80' lang='lat' dir='ltr'><strong>utilitatem</strong></span> <span class='ocrx_word' id='word_1_168' title='bbox 874 2763 923 2802; x_wconf 78' lang='lat' dir='ltr'><strong>re-</strong></span> 
     </span>
     <span class='ocr_line' id='line_1_30' title="bbox 236 2765 924 2904; baseline -0.001 -21"><span class='ocrx_word' id='word_1_169' title='bbox 236 2822 418 2904; x_wconf 83' lang='lat' dir='ltr'><strong>linquantur,</strong></span> <span class='ocrx_word' id='word_1_170' title='bbox 432 2823 469 2882; x_wconf 86' lang='lat' dir='ltr'><strong>ad</strong></span> <span class='ocrx_word' id='word_1_171' title='bbox 480 2823 554 2882; x_wconf 88' lang='lat' dir='ltr'><strong>hanc</strong></span> <span class='ocrx_word' id='word_1_172' title='bbox 568 2765 767 2883; x_wconf 69' lang='lat' dir='ltr'><strong>diilllultatem</strong></span> <span class='ocrx_word' id='word_1_173' title='bbox 777 2823 924 2903; x_wconf 86' lang='lat' dir='ltr'><strong>explican-</strong></span> 
     </span>
     <span class='ocr_line' id='line_1_31' title="bbox 235 2903 647 2987; baseline -0.005 -21"><span class='ocrx_word' id='word_1_174' title='bbox 235 2903 304 2966; x_wconf 83' lang='lat' dir='ltr'><strong>dam</strong></span> <span class='ocrx_word' id='word_1_175' title='bbox 321 2921 467 2987; x_wconf 77' lang='lat' dir='ltr'><strong>praecepta</strong></span> <span class='ocrx_word' id='word_1_176' title='bbox 478 2903 647 2965; x_wconf 87' lang='lat' dir='ltr'><strong>referamus.</strong></span> 
     </span>
    </p>

    <p class='ocr_par' dir='ltr' id='par_1_6' title="bbox 275 2984 922 3071">
     <span class='ocr_line' id='line_1_32' title="bbox 275 2984 922 3071; baseline -0.002 -25"><span class='ocrx_word' id='word_1_177' title='bbox 275 3004 326 3066; x_wconf 83' lang='lat'><strong>90.</strong></span> <span class='ocrx_word' id='word_1_178' title='bbox 345 2984 383 3047; x_wconf 83' lang='lat' dir='ltr'><strong>Et</strong></span> <span class='ocrx_word' id='word_1_179' title='bbox 403 2991 541 3071; x_wconf 81' lang='lat' dir='ltr'><strong>quoniam</strong></span> <span class='ocrx_word' id='word_1_180' title='bbox 559 3008 620 3047; x_wconf 91' lang='lat' dir='ltr'><strong>non</strong></span> <span class='ocrx_word' id='word_1_181' title='bbox 637 2987 674 3047; x_wconf 91' lang='lat' dir='ltr'><strong>ad</strong></span> <span class='ocrx_word' id='word_1_182' title='bbox 693 2987 852 3051; x_wconf 83' lang='lat' dir='ltr'><strong>veritatem</strong></span> <span class='ocrx_word' id='word_1_183' title='bbox 869 2985 922 3045; x_wconf 91' lang='lat' dir='ltr'><strong>so·</strong></span> 
     </span>
    </p>
   </div>
   <div class='ocr_carea' id='block_1_5' title="bbox 0 0 1204 4067">
    <p class='ocr_par' dir='ltr' id='par_1_7' title="bbox 0 0 1204 4067">
     <span class='ocr_line' id='line_1_33' title="bbox 0 0 1204 4067; baseline 0 1"><span class='ocrx_word' id='word_1_184' title='bbox 0 0 1204 4067; x_wconf 95' lang='lat' dir='ltr'><strong> </strong></span> 
     </span>
    </p>
   </div>
  </div>
 </body>
</html>
