2400 4067
338 476 415 570 30⁶
471 477 545 543 Dr
570 476 902 543 linitionis

338 588 476 672 quidnam
491 589 593 649 contri
610 588 666 650 dici
683 591 797 670 possit:
813 605 876 648 tum
895 588 935 670 nd
948 587 1023 669 judi·

339 672 379 730 cis
397 668 526 730 officium
540 686 763 743 revertentem,
784 669 817 729 &
832 669 869 729 ab
888 691 927 731 eo
947 693 1023 753 quae·

337 768 477 825 rentem,
498 751 568 833 quid
590 769 731 833 praetetea
756 750 879 825 audire,
901 767 952 812 aut
970 774 1021 814 ex-

336 830 463 912 spesiare
478 831 584 893 debeat
600 854 607 891 :
623 850 686 892 tum
701 829 792 914 ipsum
809 832 1021 909 adversarium,

337 915 419 995 quasi
432 914 599 973 intentantis
614 912 684 974 loco
700 958 710 987 ‚
730 912 950 995 producendo,
966 915 1020 976 hoc

338 991 404 1067 est,
423 993 654 1076 interrogando,
672 997 768 1054 urritm
782 991 921 1075 scriptum
936 1014 1023 1079 neget

337 1071 396 1134 effe
421 1094 459 1135 eo
483 1075 602 1149 modo,
624 1097 660 1135 an
680 1075 717 1135 ab
740 1072 771 1134 se
791 1075 896 1137 contri
916 1074 1022 1138 fartum

327 1152 419 1227 effe,
440 1171 489 1214 aut
507 1156 610 1215 contris
628 1155 769 1215 contendi
789 1171 879 1237 neget
898 1176 906 1215 r
927 1160 1021 1219 utrem

336 1255 446 1317 negare
464 1235 543 1295 ausus
556 1238 592 1295 sit
608 1280 616 1308 ,
635 1234 664 1298 se
679 1236 775 1296 dicere
792 1236 965 1297 desiturum.

384 1315 450 1376 126.
466 1313 496 1377 Si
513 1334 647 1378 neutrum
667 1333 780 1399 neget,
801 1316 834 1376 &
852 1316 958 1378 contri
976 1334 1021 1378 ta·

337 1416 408 1457 men
423 1397 500 1456 dicat
514 1419 522 1457 :
535 1397 607 1477 nihil
621 1394 677 1458 effe
692 1442 702 1471 ,
722 1397 781 1477 quo
798 1397 953 1460 hominem
968 1400 1021 1458 im-

336 1478 543 1560 pudentiorem
568 1476 717 1559 quisquam
740 1475 769 1537 se
791 1475 921 1538 visurum
947 1480 1031 1540 arbi-'

338 1577 439 1620 tretur.
459 1557 494 1619 In
512 1560 571 1619 hoc
590 1562 630 1618 ita
648 1560 824 1619 commorati
842 1562 1022 1634 conveniet,

339 1642 420 1721 quasi
446 1640 516 1699 nihil
547 1655 686 1721 praeterea
710 1638 867 1701 dicendum
892 1642 961 1716 sit,
990 1640 1021 1700 ὃ(

338 1724 420 1801 quasi
438 1718 541 1779 contri
564 1718 621 1779 dici
642 1717 711 1778 nihil
731 1721 848 1799 possit,
874 1717 952 1803 saepe
970 1720 1021 1795 id,

360 1799 421 1862 uod
438 1799 573 1881 scriptum
591 1796 632 1860 est
646 1844 656 1873 ,
673 1800 846 1871 recitand03
863 1798 941 1881 sepe
959 1822 1023 1862 curn

338 1822 444 1961 scripto
461 1879 568 1941 fastum
582 1878 735 1942 adversarii
751 1881 941 1963 confligendo
956 1903 967 1955 3
981 1898 1025 1952 at·

339 1982 396 2045 que
409 1960 554 2021 interdum
567 1962 671 2021 acriter
684 1960 724 2021 ad'
733 1958 863 2041 judicem
873 1961 970 2044 ipsum
982 1984 1026 2024 re-

338 2040 494 2120 vertendo.
511 2040 585 2122 Quo
599 2042 711 2108 inloto
725 2040 1027 2119 judicidemonstran-

339 2125 409 2185 dum
423 2122 488 2198 est,
510 2122 579 2205 quid
597 2119 706 2201 juratus
719 2126 775 2200 sit,
792 2125 862 2206 quid
875 2124 958 2207 sequi
975 2126 1027 2188 de·

338 2206 407 2267 beat
425 2227 431 2264 :
451 2205 562 2268 duabus
580 2204 617 2266 de
638 2208 728 2269 causis
745 2202 874 2285 judicem
892 2207 1025 2268 dubitare

303 2287 305 2293 ’
340 2305 501 2369 oportere,
520 2287 543 2346 si
558 2303 607 2345 aut
622 2282 755 2367 scriptum
771 2288 806 2349 sit
822 2285 964 2364 obscure,
979 2306 1026 2351 aut

339 2390 377 2431 ne
400 2387 429 2430 et
445 2366 551 2450 aliquid
569 2366 756 2429 adversarius.

380 2391 492 2513 ξων.
512 2448 615 2527 Quum
638 2448 671 2509 &
692 2448 828 2529 scriptum
847 2450 884 2509 sit
902 2450 1026 2531 aperte,

341 2527 563 2589 &adversarius
581 2532 680 2590 omnia
693 2527 886 2604 confiteatur,
902 2547 968 2592 tum
985 2527 1028 2610 ju·

341 2608 438 2670 dicem
452 2609 509 2692 legi
523 2629 646 2689 parere,
661 2631 722 2670 non
734 2612 918 2692 interpretari
929 2610 1028 2693 legem

341 2706 492 2767 oportere.
512 2691 582 2754 Hoc
599 2690 668 2750 loco
686 2690 859 2751 confirmato
871 2736 885 2762 ,
902 2708 967 2753 tum
985 2692 1030 2754 di·

341 2768 420 2832 luere
434 2791 491 2844 ea,
506 2793 569 2853 quae
583 2769 684 2834 contr‘a
699 2771 755 2833 dici
767 2788 926 2854 poterant,
940 2795 1030 2853 opor·

340 2850 424 2911 tebit.
443 2850 557 2913 Contri
572 2869 671 2914 autem
691 2852 822 2927 dicetur,
841 2854 865 2913 si
881 2870 932 2913 aut
946 2875 1030 2934 pror·

341 2928 384 2990 sus
411 2932 487 2995 aliud
513 2930 626 2995 sensisse
654 2930 804 3015 scriptor,
833 2932 865 2992 &
888 2930 1028 3016 scripsisse

340 3010 420 3074 aliud
438 3012 679 3079 demonstrabitur
696 3038 702 3078 ι
720 3033 751 3080 ut
768 3017 799 3078 in
815 3012 864 3077 illa
882 3013 1032 3097 detesto·
