2400 4067
250 702 298 800 xij
370 707 452 776 An
488 703 819 774 lucrorum.

248 841 340 881 unum
351 826 433 904 quasi
441 843 547 904 eorpus
558 838 678 904 cogeret
687 819 796 880 Isaacus
805 807 943 881 Verbur-
977 820 988 869 ¹·

249 905 331 984 gius,
352 924 462 965 novam
483 901 595 984 &ipse
610 900 762 977 Ciceronis
774 901 940 963 editionem
976 900 980 961 2

248 981 455 1045 instruititcum
464 985 666 1066 integrisnotis
676 981 817 1056 Vislorii‚
830 979 942 1044 Came·
976 972 981 995 '

249 1066 335 1138 rarii,
357 1064 476 1138 Ursini,
490 1066 522 1124 &
534 1063 643 1126 seleslis
659 1063 802 1136 Manutii‚·
818 1062 943 1124 Lambi-

248 1147 301 1218 ni,
321 1143 442 1206 Gruteri
453 1191 463 1218 ‚
475 1144 622 1227 utriusque
632 1144 799 1216 Gronovii‚
817 1145 851 1203 &
865 1145 944 1204 alio·
973 1150 986 1245 l

249 1245 332 1296 rum,
353 1228 488 1308 aquibus
505 1229 536 1286 in
550 1225 769 1304 interpretando
788 1222 941 1288 Cicerone
974 1270 977 1299 ;

248 1303 335 1365 studii·
349 1328 383 1366 ae
396 1309 507 1367 labon's-
514 1307 621 1388 aliquid
628 1305 790 1387 impensum
801 1303 853 1366 est.
869 1305 942 1391 Pr07

250 1385 302 1446 diit
321 1387 384 1447 haec
398 1387 488 1449 editio
506 1387 716 1448 Amsleledami
731 1406 814 1446 armo·
831 1405 924 1463 1724.
978 1388 983 1395 '

291 1468 369 1528 Huic
387 1466 521 1529 successit
539 1468 616 1549 apud
632 1489 687 1527 nos
701 1467 789 1549 longe
806 1471 942 1529 omnium
974 1536 978 1543 ¹

249 1548 444 1630 pulcherrima
462 1549 551 1610 editio
566 1548 691 1630 losephi.
701 1547 831 1620 Oliveti,
846 1550 899 1630 qui
911 1566 943 1610 ut
974 1560 985 1583 ·'

251 1627 330 1689 estin
341 1651 373 1691 re
391 1633 526 1692 litteraria
539 1630 764 1701 versatissimus,
780 1628 883 1688 or‘nnia
893 1651 944 1690 un·
973 1622 979 1647 ¹

252 1709 342 1792 dique
359 1713 471 1772 summo
492 1711 601 1791 judicio
619 1711 719 1792 selegit
736 1727 824 1790 atque
843 1711 944 1771 colle·-

251 1792 315 1872 git,
332 1813 396 1873 quae
414 1792 552 1868 Ciceroni
574 1790 742 1851 illustrando
765 1791 864 1851 lucem
889 1792 944 1853 al‘r·
972 1792 976 1845 ἕ

251 1892 339 1954 quarn
357 1873 476 1937 allatura
491 1873 678 1932 videbantur.
855 1924 859 1931 .

293 1953 393 2032 Atque
408 1953 469 2012 haec
484 1953 521 2011 de
535 1954 620 2011 variis
632 1951 790 2010 editorssms
806 1949 839 2010 &
849 1953 944 2014 inter·

272 2033 380 2091 retibus
397 2030 549 2092 Ciceronis
564 2032 756 2113 collegimus,
776 2034 867 2112 utqui
883 2055 945 2095 vo-

250 2053 312 2171 lent
327 2111 470 2190 scriptoris
486 2115 619 2172 omnium
630 2111 791 2171 seculorum
804 2109 943 2195 suffragio
978 2168 983 2177 .

250 2191 447 2273 probatissimi
456 2193 569 2253 divitias
576 2191 759 2251 nonstrislim
770 2189 944 2269 adspicere,

250 2270 302 2331 sed
319 2271 476 2352 explicatas
502 2275 535 2333 ὅ(
558 2276 587 2331 in
607 2273 702 2332 lucem
718 2269 845 2351 prolatas
866 2293 946 2336 con·

250 2352 404 2432 templati,
419 2355 439 2412 ii
455 2354 543 2415 duces
565 2351 684 2424 mrim,
704 2371 721 2408 a
738 2348 841 2429 quibus
859 2369 945 2414 tamh

250 2453 339 2516 quam
356 2455 443 2494 manu
461 2434 649 2496 deducamur.
670 2429 747 2491 Nam
764 2429 860 2490 inhac
874 2435 945 2496 nos·

250 2529 305 2575 tra·
314 2514 444 2576 editione
457 2516 539 2577 locus
553 2513 609 2576 esse
622 2512 715 2574 nullus
728 2513 823 2591 potuit
838 2517 944 2592 notis,

250 2616 290 2658 ne
308 2597 382 2657 ultra
401 2598 523 2658 modum
542 2594 681 2656 cresceret
694 2593 789 2651 moles
810 2609 859 2651 aut
883 2617 943 2654 nu-

253 2698 351 2737 merus
363 2678 555 2738 voluminum.
568 2676 658 2742 Erunt
668 2690 766 2733 tamen
780 2671 817 2731 ad
827 2673 944 2738 calcem

252 2755 337 2834 eujus
372 2777 389 2816 e
413 2758 570 2818 voluminis
588 2754 848 2824 annotatiunculae,
868 2775 945 2835 qua-

251 2857 317 2897 rum
342 2858 434 2918 copus
448 2841 504 2898 erit
516 2836 676 2898 leslionum·
692 2856 710 2894 a
724 2834 848 2915 vulgaris
857 2857 944 2898 rece·

253 2915 385 2977 dentium
404 2918 605 2978 austeritatem
624 2912 785 2989 adstruere,
811 2914 879 2975 loca
900 2915 944 2978 su·

252 2995 348 3077 spella
360 2997 515 3060 lesloribus
538 3001 682 3081 assignare
693 3041 703 3069 ,
716 2995 877 3074 depravata
895 3014 944 3059 aut

254 3098 358 3139 manca
381 3079 531 3155 indicare,
558 3097 703 3161 nequem
725 3075 802 3135 nulli
820 3077 944 3140 utilitate

255 3176 434 3236 exerceant,
476 3158 631 3241 nandoque
654 3160 743 3219 eriam
761 3156 943 3221 eruditorum

237 3237 357 3306 'efferre
375 3240 407 3306 iu
424 3261 461 3310 ee
504 3263 539 3308 ce
555 3236 759 3325 coniesiuras,
777 3237 811 3301 &
830 3257 946 3304 errores
