2400 4067
318 484 614 551 ltnrrorrcn
643 481 744 548 Lis.
772 483 822 551 II.
874 499 950 571 249

261 616 354 676 quum
372 598 407 654 ab
425 597 485 656 aliis
501 594 616 676 culpam
634 594 821 669 dimovebit,
846 595 955 655 desen-

259 676 333 736 soris
349 678 421 736 locis
439 693 536 736 utetur
553 697 560 734 ι
577 679 617 735 sic
631 679 664 734 iis
683 675 778 749 locis,
798 677 848 755 qui
865 697 958 735 accu-.

258 755 349 816 satori
359 758 415 816 dati
425 756 509 829 sunt,
527 773 624 816 utetur
634 777 720 830 reus,
738 777 828 838 quum
839 757 869 814 in
879 756 955 816 alios·

259 837 298 897 ab
309 836 338 896 se
351 842 461 898 crimen
478 835 559 896 volet
572 837 738 898 transferre.

255 936 257 941 ·
303 917 358 978 IX.
384 918 429 978 Ex
447 916 571 998 persona
591 927 690 978 aulem
711 915 878 995 conjest'ura
898 938 955 977 ca-

251 999 379 1080 pietur,
398 1001 422 1058 si
435 1019 478 1058 eae
490 1018 559 1073 res,
579 1021 643 1080 quae
658 998 787 1078 personis
806 998 954 1059 attributae

259 1078 353 1154 sunt,
381 1079 535 1162 diligenter
562 1080 848 1152 considerabuntur,
879 1101 954 1162 quas

260 1180 366 1221 omnes
379 1162 410 1220 in
421 1163 516 1241 primo
530 1160 604 1222 hino
618 1161 809 1242 exposuimus.
826 1159 904 1220 Nanr
917 1162 955 1222 &

260 1241 300 1303 de
319 1244 439 1302 nomine
456 1263 674 1324 nonnumquam
689 1241 797 1323 aliquid
814 1241 953 1322 suspicio·

259 1325 305 1381 nis
317 1321 449 1382 nascitur.
462 1321 583 1383 Nomen
596 1340 694 1385 autem
705 1345 794 1403 quum
808 1323 928 1382 dicimus
939 1368 954 1397 ,.

261 1424 432 1485 cognomen
442 1423 559 1484 quoque
571 1405 604 1463 &
615 1403 760 1486 agnomen
774 1404 953 1485 intelligatur¹

253 1501 391 1566 oportet.
401 1485 449 1546 De
457 1484 582 1565 hominis
591 1488 669 1544 enim
679 1500 778 1558 certo,
789 1486 952 1566 &proprio

259 1565 408 1624 vocabulo
428 1587 443 1624 a
464 1568 546 1625 itur:
567 1583 599 1624 ut
620 1568 646 1624 si
666 1565 817 1639 dicamus,
838 1564 951 1625 idcirco·

259 1646 386 1727 aliquem
403 1586 533 1706 Caldum·
548 1647 670 1720 vocari,
692 1647 773 1729 quod
789 1647 956 1706 temerario

261 1727 296 1793 ὅ(
313 1728 470 1808 repentino
486 1728 607 1787 consilio
625 1730 682 1787 sit:
698 1744 746 1787 aut
766 1728 790 1786 si
806 1748 841 1788 ea
861 1726 897 1787 de
913 1747 951 1787 te

259 1808 426 1872 hominibus
444 1807 555 1869 Graecis
566 1810 704 1889 imperitis
715 1808 807 1869 verba
820 1805 952 1883 dedisse,

259 1888 342 1971 quod·
359 1887 501 1964 Clodius,
515 1907 563 1949 aut
578 1889 732 1965 Caecilius,
748 1906 797 1950 aut
811 1888 922 1950 Mutius
935 1933 951 1965 ‚,

259 1987 447 2032 vocarentur..

303 2069 351 2130 29.
366 2050 403 2110 Et
420 2049 457 2110 de
470 2067 571 2110 natura
587 2051 655 2112 licet
672 2051 878 2133 aliquantulum
895 2049 953 2109 du·-

259 2152 327 2192 cere
339 2130 502 2211 suspicionis
514 2152 520 2188 :
534 2135 632 2190 omnia
645 2135 722 2191 enim
733 2133 793 2191 haec
805 2177 815 2205 ‚
828 2134 894 2204 vir,
908 2152 950 2190 an

258 2213 363 2272 mulier
376 2232 386 2282 ;
406 2207 512 2288 hujus,
529 2231 565 2268 an
577 2211 650 2268 illius
664 2213 786 2270 civitatis
800 2214 836 2270 sit
849 2232 860 2282 ;·
878 2213 952 2290 qui--

259 2294 315 2352 bus
331 2293 370 2348 sit
382 2286 564 2367 maj-oribus,
583 2290 685 2367 quilius
705 2289 952 2370 consanguineis,

260 2371 318 2452 quai
341 2385 451 2441 cerate,
475 2388 538 2448 quo>
561 2370 682 2448 animo,
709 2389 768 2507 guo
794 2388 919 2448 corpore
935 2415 950 2443 ,.

261 2472 325 2541 guae
335 2465 443 2508 naturae
453 2445 515 2506 sunt
526 2449 679 2522 attributa,
693 2471 709 2507 a
729 2449 775 2507 ‘ali
797 2470 862 2508 uam
875 2469 952 2507 con*

259 2531 400 2611 Jesluram
408 2528 571 2590 faciendam
583 2529 779 2612 pertinebunt.
816 2532 950 2589 texvicw

259 2630 291 2673 tu
311 2610 410 2672 multae
429 2611 580 2670 trahuntur
606 2610 806 2692 suspiciones,
829 2631 917 2693 quum
933 2657 949 2685 ,

260 2692 531 2776 quemadmodum,
547 2691 582 2752 ’δι
597 2693 675 2774 apud
687 2715 760 2775 quos
772 2738 785 2765 ‚-
801 2693 834 2752 &
851 2715 870 2751 a·
880 2695 949 2772 qui-

258 2776 313 2835 bus
325 2774 462 2833 educatus
474 2775 648 2834 &eruditus
660 2777 716 2847 sit,
736 2775 890 2855 quaeritur‚
910 2773 948 2831 &3

260 2854 428 2935 quibuscum
444 2856 548 2922 vivat,
567 2856 627 2935 quit·
642 2858 753 2915 ratione
772 2857 862 2925 vitre,
884 2873 949 2932 quo>

259 2954 350 2997 more·
362 2931 522 2993 domestico
535 2937 626 2994 vivat.

303 3031 353 3093 go.
379 3012 417 3073 Et
437 3033 473 3074 ex
494 3012 611 3075 fortuna
633 3014 711 3098 saepe‘
733 3015 950 3153 aigumentatio

796 3115 819 3156 u
