2400 4067
348 489 425 567 334
473 468 539 535 Da·
555 467 730 535 INVENT.
749 470 941 536 Ruaron.
971 474 973 479 ’

345 584 485 669 quamdiu
504 581 583 654 fiat,
611 581 822 644 attendendum
842 579 894 642 est.
924 581 976 641 His
996 604 1026 644 ex

347 667 475 750 partibus
503 665 542 724 ad
565 662 737 722 sententiam
769 663 926 723 dicendam
955 664 1028 726 locos

345 749 416 810 sumi
434 769 453 808 o
477 761 573 807 ortere
591 744 769 804 arbitramur.

389 769 475 889 LIlA>
487 826 600 886 Laudes
618 842 737 899 aurem,
757 826 791 885 &
807 825 1027 906 vituperationes

347 931 385 971 ex
407 913 440 968 iis
463 908 536 967 locis
557 906 730 979 sumentur,
757 907 809 988 qui
828 905 889 965 loci
910 905 1027 988 personis

347 991 410 1052 sunt
426 990 577 1062 attributi,
598 987 636 1047 de
655 987 755 1068 quibus
772 986 839 1046 autb
861 972 969 1048 dietum
985 986 1028 1048 est.

347 1071 399 1133 Sin
414 1069 585 1130 distributius
601 1069 720 1128 trablare
735 1070 797 1149 quis
813 1068 900 1129 volet
911 1114 921 1142 ,
934 1072 1030 1150 partia·

347 1170 393 1212 tur
411 1156 440 1210 in
461 1155 614 1222 animum,
637 1151 669 1209 &
688 1172 819 1230 corpus,
850 1150 883 1208 &
902 1152 1030 1210 extrarias

347 1253 394 1293 res
415 1232 522 1290 licebit.
549 1230 650 1290 Animi
675 1228 738 1303 est,
760 1232 880 1304 virtus,
901 1227 978 1310 cujus
996 1230 1030 1292 de

346 1314 476 1395 partibus
494 1312 582 1392 paulo
599 1311 666 1371 ante
682 1310 789 1371 dietum
802 1309 855 1373 est.
875 1309 1030 1394 Corporis,

345 1393 510 1466 valetudo,
530 1393 674 1474 dignitas,
691 1396 789 1465 vires,
806 1391 960 1454 velocitas.
978 1392 1030 1452 Ex·

345 1479 460 1549 trariae,
475 1475 591 1547 honos,
610 1475 754 1556 pecunia,
769 1471 915 1548 affinitas,
929 1495 1029 1557 genus,

346 1560 456 1630 amici,
474 1558 589 1637 patria,
608 1558 760 1636 potentia,
778 1556 811 1614 &
831 1573 952 1630 cetera,
972 1575 1029 1636 qua

348 1638 434 1703 simili
454 1635 510 1697 effe
529 1639 559 1696 in
578 1656 684 1718 genere
704 1635 913 1718 intelligentur.
938 1635 1029 1718 Atque

348 1721 379 1778 in
395 1720 462 1791 his,
482 1718 532 1790 id,
552 1717 631 1797 quod
648 1719 678 1774 in
696 1719 794 1775 omnia
812 1716 917 1791 valet,
936 1716 1027 1778 valere

349 1798 523 1880 oportebit:
540 1799 684 1856 contraria
699 1817 836 1878 quoque,
856 1798 890 1857 ὃ(
907 1798 1028 1880 quae‚&

347 1880 442 1961 qualia
462 1881 540 1949 sint,
563 1877 771 1958 intelligentur.
801 1877 917 1939 Videre
940 1896 1029 1938 autern

348 1961 378 2019 in
399 1957 569 2031 laudande,
591 1959 624 2017 &
645 1961 674 2015 in
694 1960 891 2039 vituperando
914 1977 1030 2042 oporte-

348 2041 416 2115 bit,
438 2055 571 2099 nontam
589 2060 650 2120 quae
666 2041 857 2120 incorpore,
874 2059 924 2101 aut
940 2046 1031 2101 inex·
1067 2080 1068 2125 t

348 2124 439 2183 trariis
457 2121 542 2180 rebus
562 2121 692 2178 habuerit
708 2123 756 2194 is,
777 2121 813 2180 de
833 2144 894 2203 quo
913 2141 1029 2206 agetur,
1067 2159 1068 2163 =

371 2203 438 2263 uatn
458 2224 517 2282 quo
535 2201 620 2282 paolo
640 2201 683 2259 his
700 2203 786 2262 rebus
805 2200 875 2263 usus.
889 2206 925 2263 sit
944 2227 951 2264 :
971 2225 1029 2263 nam
1067 2240 1068 2247 κ

347 2226 497 2348 ἓοτῐυηειτι
510 2284 629 2364 quidem
645 2283 676 2341 &
694 2283 831 2356 laudare,
849 2282 984 2359 stultitia,
1002 2285 1029 2344 ὅ(
1067 2336 1068 2349 ,

348 2370 514 2446 vituperare
527 2410 537 2437 ,
550 2364 681 2444 luperbia
693 2363 742 2425 est.
758 2364 858 2424 Animi
871 2384 987 2440 autem,
1003 2366 1028 2426 ἃ

348 2449 410 2510 laus
422 2443 562 2517 honesta,
577 2448 609 2503 ὅ(
621 2448 797 2526 vituperatio
810 2447 973 2506 vehemens
985 2445 1030 2506 est.

395 2528 460 2602 178.
492 2525 578 2583 Nunc
603 2530 741 2604 quoniam
769 2547 859 2586 omne
888 2530 919 2587 in
948 2526 1029 2588 causa

349 2629 441 2690 genus
457 2607 675 2687 argumentandi
693 2611 765 2667 ratio
784 2608 888 2667 tradita
909 2607 974 2683 est,
998 2609 1031 2667 de

348 2690 542 2759 inventione,
564 2687 656 2766 primi
672 2710 704 2747 ac
727 2689 852 2747 maximal
870 2707 954 2770 parte
970 2691 1032 2749 rhe-

348 2771 474 2839 toricae,
492 2765 555 2826 satis
572 2766 679 2826 diuum
695 2770 819 2829 videtur.
841 2770 944 2848 Quare
961 2792 1031 2852 quo·

348 2855 426 2915 niam
447 2850 479 2910 &
497 2870 635 2929 unapars
651 2849 688 2908 ad
708 2852 816 2910 exitum
836 2851 914 2911 hunc
935 2853 971 2911 ab
990 2851 1031 2911 su·

348 2936 464 3017 periore
487 2930 561 2990 libro
583 2930 720 3012 perdutla
742 2931 806 3007 est,
835 2933 868 2993 &
891 2933 938 2993 hic
963 2935 1031 2994 liber

348 3038 410 3076 non
427 3033 528 3097 parurn
546 3016 677 3073 continet
693 3013 875 3092 litterarum,
892 3037 958 3098 quae
974 3037 1031 3077 res·

346 3112 433 3169 tant,
450 3096 481 3155 in
495 3093 611 3178 reliquis
626 3095 765 3162 dicemus.
