2400 4067
227 449 307 541 4m
431 447 725 519 Tontcm

222 565 365 639 tarditas,
379 586 442 626 non
458 564 598 625 debilitas.
625 561 668 622 Ex
684 560 788 643 quibus
798 575 912 622 comra-

224 647 273 704 riis
286 663 457 727 argumenta
471 647 540 707 talia
551 641 706 709 exsistunt:
724 640 757 703 si
767 639 912 704 stultitiam

224 723 376 808 sugimus,
393 726 561 808 sapientiam
575 723 745 806 sequamur3
774 722 808 781 ὃ(
828 725 913 784 boui-

226 822 337 882 tatem,
352 808 537 868 simalitiam.
569 805 664 877 Haec,
680 826 745 886 quae
758 823 796 863 ex
806 803 912 866 eodem

227 907 337 969 genere
361 891 506 950 contraria
533 887 623 961 sunt,
651 885 837 967 appellantur
862 889 914 946 ad·

208 969 317 1050 ⁴versa.

269 1050 322 1123 48.
337 1049 410 1112 Sunt
423 1054 501 1112 enim
521 1051 575 1109 alia
590 1049 753 1120 contraria,
773 1067 840 1128 quae
854 1050 914 1128 pri·

228 1135 326 1192 nantia
350 1131 417 1192 licet
445 1131 627 1212 appellemus
652 1129 778 1201 Latinis,
811 1125 912 1189 Graecs

228 1193 411 1290 appeilamur
421 1214 545 1284 enniani.
577 1209 747 1290 Praepositio
763 1208 913 1284 enim1u‚

228 1291 324 1373 privat
332 1292 456 1352 verbum
467 1291 503 1351 ei
513 1294 561 1363 vi,
578 1312 668 1371 quam
679 1291 804 1350 haberet
816 1335 826 1363 ‚
845 1293 869 1350 si
878 1287 915 1350 lu

227 1375 416 1453 praepositum
436 1394 497 1432 non
521 1369 636 1434 suiss'et:
659 1389 691 1430 ut
706 1372 852 1452 dignitas,
875 1374 916 1431 in·

229 1453 370 1533 dignitas,
390 1456 548 1513 humanitas
557 1498 569 1524 ,
588 1454 798 1524 inhumanitas,
820 1451 852 1510 &
866 1472 917 1511 ce-

230 1549 293 1593 tera
312 1537 426 1616 generis
445 1532 585 1613 ejusdem.
622 1533 761 1612 Quorum
783 1530 916 1592 trasiatio

231 1610 409 1755 esliiXieadeim
426 1637 491 1697 quat
505 1614 703 1698 superiorum,
719 1633 785 1697 quae
797 1612 917 1675 adversa

274 1795 325 1854 49.
341 1775 418 1837 Nam
428 1775 482 1835 alia
497 1796 615 1859 quoque
630 1774 692 1835 sunt
704 1777 920 1836 contrariorum

234 1874 359 1938 genera,
375 1858 458 1917 velut
476 1877 511 1916 ea
526 1878 590 1936 quae
608 1877 675 1915 cum
690 1856 790 1936 alique
811 1856 916 1917 confer

232 1954 355 2010 tumus,
383 1955 414 1996 ut
437 1936 582 2016 duplum,
609 1937 771 2017 simplum:
802 1938 921 2011 multa,

232 2037 346 2096 pauca:
369 2017 513 2100 longum,
537 2018 652 2078 breve:
682 2015 795 2096 majus,
813 2020 919 2079 minus.

233 2095 306 2157 Sunt
319 2100 406 2158 etiam
418 2098 505 2160 vaide
522 2103 664 2158 contraria
673 2099 722 2157 illa
738 2119 802 2178 quae
815 2099 916 2180 appel·

230 2177 325 2239 lantur
334 2183 473 2261 neganiia.
493 2179 535 2239 Ea
547 2181 697 2250 anausim&
708 2177 827 2253 Graeci,
846 2201 919 2254 con·

232 2262 317 2320 traria
330 2263 469 2323 aientibus
483 2283 491 2320 ε
509 2279 558 2334 ut,
576 2260 607 2320 Si
621 2261 678 2320 hoc
693 2258 755 2334 est,
769 2260 843 2320 iliud
857 2282 918 2322 non

197 2373 210 2404 -,
234 2339 285 2402 est.
314 2341 397 2423 Quid
406 2344 484 2405 enim
495 2364 569 2424 opus
581 2341 718 2421 exemplo
727 2339 790 2402 est?
806 2344 919 2404 tuntum

233 2423 426 2506 intelligatur,
450 2439 623 2506 argumento
640 2421 820 2504 quaerendo,
841 2444 918 2483 con·

236 2506 327 2564 trariis
341 2505 476 2565 omnibus
489 2507 632 2564 contraria
642 2526 703 2564 non
713 2508 886 2566 convenire.

280 2603 326 2664 50.
347 2585 397 2645 Ab
412 2583 551 2664 'adjunsiis
572 2604 669 2646 autem
686 2584 767 2665 posui
781 2588 921 2668 equidem

235 2666 402 2747 exemplum
421 2667 509 2747 pauli>
525 2668 610 2740 ants,
629 2666 719 2726 multa
736 2665 844 2729 scilicet
866 2666 922 2728 ad-

234 2743 335 2829 jungi,
353 2769 416 2828 quae
426 2746 603 2828 suscipienda
614 2745 723 2821 essent,
743 2749 767 2806 si
781 2748 922 2810 statuisse-

236 2849 319 2904 mus,
337 2849 373 2890 ex
386 2829 481 2892 edisio
495 2827 653 2890 secundum
667 2850 715 2889 eas
728 2829 840 2891 tabulas
853 2853 925 2911 pos-

234 2907 393 2972 sessionem
406 2911 485 2987 dari,
499 2933 570 2995 quas
583 2914 606 2971 is
615 2906 793 2983 instituisset,
809 2916 854 2973 cui
868 2930 927 2973 tes·

236 2997 359 3057 sementi
375 2994 468 3058 fassio.
481 2995 561 3059 nussu
580 2993 660 3056 esset.
696 2990 859 3068 Sedtloeus
878 2994 926 3056 his
