2400 4067
356 473 435 548 354
506 457 892 527 Pnrtrrrronns

354 591 438 651 quae,
458 593 547 654 quum
569 573 674 633 facium
692 570 823 646 constet,
852 573 887 632 &
907 588 1028 646 nomen,
1066 607 1068 652 i

354 652 450 731 qualia
458 657 524 727 sint,
533 672 657 715 vocatur
665 654 833 714 indubium.
851 651 974 713 PATER.
988 650 1025 713 En
1067 659 1068 700 ἱ

354 733 415 807 ita,
432 750 465 793 ut
479 734 558 795 dicis.
587 735 713 796 Pinus.
736 733 814 814 Quae
830 733 896 794 sunt
910 737 1025 817 igitur‘n

356 833 395 873 eo
407 834 515 894 genere
526 834 622 896 partes
639 816 650 876 ἓ
678 815 799 876 Pmrn.
820 815 884 875 Aut
900 811 1029 893 jutefac·

355 909 419 952 tum
432 894 613 971 defenditur,
625 913 674 957 aut
684 895 838 956 ulciscendi
851 896 964 959 doloris
975 917 1029 980 gra·

354 974 414 1046 tii,
432 993 481 1035 aut
497 980 633 1057 pietatis,
652 995 699 1038 aut
717 978 887 1059 pudicitiae,
903 995 954 1037 aut
969 977 1026 1039 reli-

356 1057 470 1136 gionis,
497 1077 545 1117 aut
564 1061 662 1139 patriae
680 1061 821 1134 nomine,
842 1075 894 1119 aut
910 1057 1028 1141 denique

354 1140 548 1212 necessitate,
559 1139 686 1211 inscitiri,
702 1137 781 1199 casu.

396 1235 446 1295 43.
464 1216 542 1277 Nam
554 1242 618 1301 quae
629 1238 712 1280 motu
722 1219 827 1292 animi,
843 1218 878 1278 &
887 1218 1032 1300 perturbi-

354 1298 438 1357 tione
451 1296 526 1358 faiia
534 1303 596 1361 sine
609 1303 721 1361 ratione
733 1299 817 1374 sunt,
837 1320 877 1360 ea
889 1299 1029 1362 defensio·

354 1397 424 1437 nem
447 1398 550 1441 contra
569 1385 699 1456 crimen,
720 1384 750 1440 in
769 1381 907 1463 legitimis
928 1379 1033 1460 judiciis

354 1476 418 1518 non
428 1459 556 1536 habent,
574 1465 605 1522 in
617 1463 713 1524 liberis
724 1460 1032 1542 disceptationibusln·

356 1539 428 1600 bere
448 1540 573 1622 poffunt.
612 1544 681 1604 Hoc
704 1545 734 1603 in
755 1563 886 1625 genere,
906 1545 938 1603 in
957 1563 1028 1625 quo,

356 1621 443 1701 quale
455 1625 510 1696 sit,
564 1627 676 1699 aerirur,
695 1643 731 1683 ex
749 1626 975 1698 controversia,
990 1644 1028 1703 1¹¹·

356 1722 406 1774 re,
422 1703 455 1761 &
465 1702 523 1764 reci
543 1726 580 1766 ne
588 1704 684 1766 atium
696 1707 748 1776 sit,
760 1707 850 1785 quaeri
859 1703 951 1766 soiet:
964 1725 1031 1786 quo·

355 1803 420 1841 rum
431 1783 583 1864 disputatio
594 1807 632 1847 ex
641 1787 775 1848 locorum
786 1783 983 1867 descriptione
990 1783 1031 1845 su·

356 1863 464 1922 menda
475 1862 526 1925 est.

395 1963 446 2016 44
467 1944 594 2005 Fruus.
616 1943 722 2028 Agesis
738 1966 827 2029 ergo,
849 1945 1031 2028 qnoniamir

355 2022 1031 2108 tonfinnationem&reprehensionemdivise·

354 2123 401 2174 tas
410 2109 550 2167 orationis
556 2105 658 2180 fidem,
668 2109 701 2169 &
712 2107 819 2169 dicium
829 2108 868 2170 de
876 2109 971 2170 altero
978 2105 1032 2181 ὣς

356 2203 474 2266 expone
486 2209 562 2249 nunc
577 2188 615 2250 de
628 2189 887 2270 reprehendendo.
918 2189 1029 2251 an.

356 2265 420 2326 Aut
436 2285 534 2330 totum
550 2268 592 2330 est
611 2292 648 2331 ne
670 2270 796 2342 andum,
817 2271 902 2352 quod
914 2275 946 2333 in
958 2292 1031 2411 argu·

355 2353 539 2411 mentatione
560 2292 735 2411 adveriarius
748 2351 922 2432 sumpserit,
943 2354 968 2412 si
1005 2370 1032 2410 c-

355 2445 440 2503 tum,
460 2449 509 2492 aut
526 2432 627 2492 falsum
641 2431 698 2494 effe
717 2436 809 2513 possis
831 2433 968 2505 docere;
991 2447 1034 2491 aut

355 2509 556 2592 redarguenda
577 2534 637 2587 ea,
669 2535 733 2594 quae
759 2535 814 2594 pro
832 2513 1031 2574 verisimilibus

354 2587 468 2668 sumpta
476 2591 548 2651 sunt.
560 2592 688 2653 Primirm
698 2593 783 2653 dubia
793 2594 909 2675 sumpta
917 2593 975 2655 effe
984 2614 1032 2675 pro

345 2672 459 2729 certis:
475 2671 582 2733 deinde
594 2675 683 2737 etiarn
691 2677 721 2733 in
733 2674 884 2757 perspicue
901 2675 980 2736 falsis
992 2695 1033 2734 ea·

355 2748 426 2812 dem
439 2750 520 2832 poffe
534 2754 609 2814 dici:
630 2771 693 2815 tum
707 2777 743 2817 ex
756 2759 811 2831 iis,
851 2778 897 2816 uae
912 2754 1011 2836 sumps
1022 2788 1036 2800 -

354 2832 429 2905 rint,
441 2853 503 2893 non
514 2833 606 2908 effici,
625 2858 689 2917 quae
701 2837 803 2898 velint.
859 2837 986 2898 ccedere
994 2857 1034 2896 au·

356 2927 418 2973 tem
434 2932 552 2995 oportet
565 2917 603 2976 ad
615 2918 744 3000 singula:
760 2922 799 2978 sic
816 2917 953 2979 universa
966 2917 1036 2978 fran-

355 3012 472 3079 gentur.
487 2995 762 3063 Commemoranda
768 2998 831 3062 sunt
842 3001 938 3063 etiarn
945 3019 1037 3064 exeru-
