2400 4067
260 410 332 486 172
383 394 456 463 Da
481 393 812 463 [scabriones

253 528 318 567 rum
339 509 372 570 &
393 511 541 594 gravitatis
562 509 718 604 plurimum
737 508 829 572 debet
848 507 944 572 habe·

254 608 308 664 re,
329 591 362 651 &
379 593 501 652 omnino
520 611 638 665 omma,
655 612 719 672 quae
735 591 887 672 pertinent
905 592 944 653 ad

253 671 447 754 dignitatem,
467 673 497 732 in
516 671 545 733 se
567 674 720 733 continere
742 692 752 744 3
780 689 943 754 propterea

252 753 377 834 quodid
391 754 505 836 optime
521 752 687 814 faciendum
702 750 762 827 est,
777 752 862 834 quod
878 775 945 815 ora·

251 850 350 895 torem
359 836 484 916 auditori
493 836 619 896 maxime
629 833 818 896 commendat
829 855 837 894 ε
848 832 942 916 splen·

252 915 353 990 doris,
374 917 406 977 &
422 915 616 992 festivitatis,
639 918 672 976 &
694 915 942 977 concinnitudinis

251 999 401 1060 minimbm
423 1018 432 1070 3
455 1017 614 1080 propterea
634 997 715 1080 qubd
733 1016 769 1058 ex
788 997 833 1056 his
853 995 943 1079 suspi-

250 1079 297 1139 cio
315 1079 448 1161 quaedam
463 1102 479 1138 a
501 1081 660 1161 pacationis
676 1096 764 1160 atque
781 1075 942 1140 artificiosa

251 1159 302 1220 dili
324 1161 409 1221 entiae
428 1181 447 1220 n
478 1163 551 1220 citur
570 1181 579 1234 ;
600 1182 666 1243 quae
685 1160 810 1220 maxime
832 1161 944 1221 oratio·

250 1242 281 1301 ni
294 1181 408 1316 iidem,
424 1244 535 1303 oratori
549 1241 651 1302 adimit
666 1240 881 1304 audloritatem.

294 1324 343 1385 26.
357 1323 439 1385 Vitia
447 1325 521 1386 verb
530 1322 666 1384 haecsunt
679 1323 840 1384 certissima
852 1341 943 1384 exor-

250 1404 389 1480 diorum,
430 1428 473 1467 uae
493 1405 680 1486 summopere
697 1405 791 1465 vitare
814 1419 942 1485 oporte·

251 1487 326 1547 tebit
345 1508 355 1563 ;
375 1429 521 1571 vulgare,
543 1485 775 1559 commutabile,
791 1483 940 1569 longum,

251 1567 434 1651 separatum,
451 1568 638 1643 transsatum,
658 1583 760 1628 contra
780 1583 942 1649 praecepta.

251 1648 383 1733 Vulgare
403 1648 469 1736 est,
492 1649 574 1732 quod
596 1653 625 1709 in
645 1649 742 1730 plures
763 1646 860 1708 causas
883 1669 943 1730 po·

253 1731 309 1792 test
325 1730 561 1805 accommodari,
575 1746 607 1790 ut
619 1729 779 1789 convenite
794 1727 941 1789 videatur.

253 1811 423 1874 Commune
444 1857 453 1886 ‚
473 1811 554 1893 quod
575 1809 763 1870 nihilominus
785 1809 816 1869 in
841 1809 940 1883 ltanc,

253 1894 341 1976 quim
362 1897 391 1953 in
410 1895 585 1954 contrariam
600 1909 714 1974 partem
732 1888 822 1951 causae
864 1889 941 1952 otest

251 1978 424 2037 convenire.
451 1972 670 2035 Commutabile
690 2017 699 2046 ,
722 1971 804 2053 quod
828 1913 865 2032 ab
888 1971 941 2032 ad·

252 2056 378 2119 versario
406 2054 503 2138 potest
528 2102 540 2129 ,
565 2055 670 2116 leviter
694 2069 871 2129 mutatum,
904 2073 941 2115 ex

253 2143 398 2201 contraria
412 2156 495 2221 parte
513 2137 580 2199 dici.
602 2136 758 2219 Longum,
778 2133 860 2217 quod
876 2133 942 2217 plu·

252 2223 331 2284 ribus
349 2223 471 2297 verbis,
492 2238 541 2281 aut
563 2218 734 2291 sententiis,
756 2214 832 2276 ultrix
853 2215 942 2298 quim

252 2305 318 2366 satis
341 2303 408 2378 est,
433 2304 614 2385 producitur.
640 2299 835 2381 Separatum,
859 2296 943 2380 quod

254 2408 317 2446 non
334 2407 369 2447 ex
386 2383 446 2466 ipsa
463 2381 545 2443 causa
560 2383 677 2442 dudum
695 2377 756 2454 est,
772 2397 851 2451 nec,
867 2381 942 2439 sicut

252 2466 375 2550 'aliquod
401 2465 600 2538 membrum,
630 2481 774 2522 annexum
803 2460 943 2520 orationi.

254 2547 439 2608 Transsatum
451 2544 510 2619 est,
523 2545 605 2627 quod
615 2543 693 2604 aliud
706 2538 824 2603 conficit
834 2585 844 2615 ,
854 2541 943 2623 quim

255 2627 345 2690 causae
360 2648 452 2712 genus
471 2625 597 2708 postulat
612 2647 621 2699 3
639 2643 671 2686 ut
689 2625 713 2683 si
731 2625 794 2704 quis
813 2621 944 2698 docilem

254 2711 342 2775 faciat
368 2709 561 2782 auditorem,
584 2728 675 2789 quum
701 2703 944 2766 benevolentiam

255 2793 339 2856 causa
354 2790 501 2853 desideret
515 2811 525 2864 ;
539 2805 609 2865 aut,
625 2792 649 2849 si
665 2788 809 2928 principio
827 2801 945 2859 utatur,

253 2898 344 2959 quum
362 2875 588 2936 insinuationem
604 2892 651 2932 res
670 2867 754 2952 postu
767 2885 806 2929 et.
826 2865 945 2928 Contra

251 2973 402 3042 praecepta
421 2953 463 3020 est
476 2956 489 3033 ,'
507 2953 589 3040 quod
615 2952 686 3017 nihil
704 2970 808 3015 eorum
827 2946 945 3025 efficit,
