2400 4067
334 502 415 596 544
527 494 615 568 On
643 498 720 567 ιτ
745 513 771 565 ο
800 510 843 566 na

333 617 385 678 vel
398 612 500 696 copid:
518 611 567 674 sed
582 612 660 695 apud
677 631 730 672 eos
738 614 937 672 varietasnon
947 626 1017 685 etat,

374 696 416 756 od
426 699 525 756 omnia
536 694 598 756 fere
615 692 867 754 concludebantur
883 713 944 752 uno
957 713 1018 753 mo·

262 840 265 845 ,
333 779 335 787 ’
358 797 387 838 ο.
415 776 493 856 Quae
506 778 575 835 vitia
590 778 639 858 qui
653 773 781 856 fugerit,
801 791 833 832 ut
851 792 948 854 neque
957 793 1017 832 ver·

333 857 406 917 bum
419 859 457 916 ita
473 854 616 937 trajiciat,
634 872 665 914 ut
680 855 711 913 id
722 854 760 914 de
771 851 1016 914 industriafaetun

333 937 510 1020 intelligatur
518 959 529 1010 3
546 957 642 1018 neque
651 934 804 996 inferciens
813 937 933 1006 verba,
947 933 1019 1015 quari

334 1018 422 1077 rimas
439 1016 575 1100 expleat3
602 1037 655 1077 nec
674 1017 803 1075 minutos
820 1034 963 1076 numeros
977 1013 1018 1074 se·

335 1118 446 1180 quens,
456 1099 609 1172 concidat,
626 1097 839 1177 delumbetque
852 1096 1018 1166 sententies}

334 1198 391 1241 nec
422 1182 483 1238 sine
511 1179 570 1246 ulla
592 1180 827 1238 commutatione
857 1180 888 1236 in
918 1177 1015 1238 eodem

334 1257 451 1341 semper
476 1258 607 1321 versetur
631 1278 740 1340 genere
766 1278 981 1329 numerorum3
999 1259 1030 1328 it

335 1343 434 1400 omnia
449 1339 511 1401 fere
522 1343 592 1401 vitia
610 1341 765 1400 vitaverit:
783 1359 855 1398 nam
873 1339 913 1399 de
932 1337 1016 1398 laudi·

333 1420 390 1480 'bus
408 1421 498 1480 multa
515 1420 657 1493 diximus,
675 1420 780 1501 quibus
795 1417 862 1480 sunt
882 1420 940 1479 alia
958 1439 1017 1500 per-

333 1502 430 1584 spicue
443 1504 513 1563 vitia
526 1503 677 1561 contraria.

323 1576 336 1611 ¹·
377 1578 472 1642 LXX.
492 1582 645 1663 Quantum
662 1596 758 1641 autem
770 1581 808 1647 sit
826 1581 897 1664 apte
915 1581 1017 1652 dicere,

334 1664 460 1744 experiri
468 1663 545 1735 licet,
555 1666 579 1722 si
588 1677 637 1722 aut
646 1662 806 1742 compositi
814 1663 943 1727 oratoris
952 1663 1019 1722 benc

334 1741 467 1802 {drudam
483 1744 707 1803 collocationem
721 1739 859 1816 diffolvas
877 1759 1019 1824 permuta·

334 1825 417 1884 tione
436 1824 593 1883 verborum
612 1845 622 1882 ι
648 1839 853 1905 corrumpatur
874 1827 955 1883 enim
966 1839 1019 1883 tote

334 1923 401 1975 res,
424 1920 456 1960 ut
473 1904 504 1961 ὃ(
521 1905 582 1962 haec
599 1901 696 1962 nostra
714 1906 745 1962 in
762 1902 972 1978 Corneliana,
991 1903 1016 1961 ὅ(

335 1983 473 2064 deinceps
494 1985 619 2044 omnia:
656 1988 754 2063 Neque
772 2006 816 2045 me
836 1988 950 2046 divitie
971 2007 1018 2043 mr·

334 2082 399 2127 vent
409 2111 420 2139 ‚
439 2065 535 2146 quibus
555 2062 657 2125 omnes'
669 2063 828 2144 Afticonos
839 2110 853 2137 ‚
879 2067 909 2126 δ’
933 2066 1016 2127 ledor

335 2146 414 2206 multi
433 2147 591 2220 venalicii,
626 2145 837 2225 mercatoresque
851 2147 1016 2227 supererunt.

331 2225 463 2289 'lmmura
481 2226 617 2307 paulum,
635 2241 667 2284 ut
686 2225 739 2298 sit,
766 2228 848 2284 multi
864 2231 1017 2310 superarunt

335 2327 513 2378 mercatores,
536 2307 713 2384 venalitiique
721 2328 734 2377 ,·
753 2309 881 2389 perierit
897 2325 960 2369 tota
975 2327 1017 2366 res.

329 2385 373 2447 ‘Et
395 2409 459 2468 quae
477 2385 655 2467 sequuntur:
676 2389 773 2466 Neque
791 2390 902 2470 vestis,
923 2409 969 2450 aur
981 2407 1020 2446 ce·

336 2471 421 2527 latum
433 2491 527 2528 aurum
546 2469 621 2527 &ar
637 2486 746 2540 eorum,
765 2489 820 2546 quo
838 2473 950 2549 nostros
961 2488 1020 2529 vete·

334 2572 377 2608 res
394 2550 565 2622 Marcellos,
591 2490 783 2629 ddzximofque
808 2553 898 2612 multi
921 2550 1019 2612 eunuchi

330 2626 349 2688 'e
367 2632 452 2708 Syria
469 2633 647 2710 AEgyptoque
666 2630 798 2693 vicerunt.
835 2629 948 2698 Verba
966 2652 1022 2714 per·

334 2726 414 2773 muta
427 2711 482 2782 sic,
500 2711 602 2782 ursit,
621 2710 887 2772 chrunreunuclri
903 2738 916 2774 e
931 2716 1022 2794 Syria,
1060 2712 1062 2751 ἶ

334 2795 521 2872 AEgyptoqur.
543 2789 632 2849 Adde
643 2791 777 2851 tertium:
797 2794 906 2874 Neque
915 2795 977 2855 νειὸ
987 2815 1022 2852 or·
1059 2754 1062 2857 i

334 2890 460 2935 nomento
474 2873 522 2950 ista
542 2873 690 2942 villarum,
713 2871 813 2949 quibus
831 2876 871 2933 L
891 2878 1023 2945 Paulum,

335 2954 363 3011 θ’
377 2955 412 3011 L.
425 2954 606 3023 Mummium,
625 2952 671 3031 qui
685 2952 763 3010 rebus
774 2953 954 3031 hisrrrbem,
973 2958 1025 3016 Ita·

332 3036 452 3112 {iamque
464 3054 566 3093 omnem
580 3031 738 3113 referserunt
746 3077 758 3105 ,
778 3034 817 3094 ab
827 3037 940 3120 aliquo
958 3039 1025 3102 video
1060 3100 1062 3117 Ι
