2400 4067
331 497 409 588 296
458 498 533 566 Du
562 500 893 566 Iurrurroua

328 632 413 696 turpe
430 612 507 688 esse,
524 632 573 674 aut
590 614 710 687 inutile,
726 614 844 695 ignosci.
867 614 1013 690 Deinde,

331 696 368 773 de
386 718 445 777 quo
464 714 495 755 ut
513 694 648 777 potestas·
658 693 749 769 esset,
769 697 843 835 saepe
860 701 1014 778 optarint,

329 779 359 837 in
377 798 443 837 eum
469 776 612 858 potestate
632 797 692 834 non
714 778 778 851 uti,
809 799 938 838 ummam
958 778 1015 840 elle

274 905 278 914 .
329 856 505 917 stultitiam:
531 859 561 917 &
585 860 713 939 cogitare
738 874 906 939 oportere,
929 880 1016 941 quem

315 941 458 999 animum
475 941 504 998 in
520 960 607 1013 eum,
625 939 673 998 vel
690 939 773 1018 quale
787 939 887 998 odium
905 941 1015 1001 habue-

318 1022 399 1079 ¹rint.
422 1019 517 1079 Locus
539 1038 636 1080 autem
661 1022 822 1078 communis
844 1023 919 1096 erit,
940 1022 1016 1080 indi-

317 1103 432 1182 ·gnatio
455 1099 588 1159 maleficii
608 1122 617 1173 3
640 1101 671 1158 &
690 1100 782 1174 alter,
804 1121 907 1161 eorum
930 1102 1016 1163 mise-

333 1184 389 1240 reri
403 1200 562 1260 oportere,
580 1184 628 1261 qui
643 1199 764 1260 propter
776 1181 942 1257 fortunam,
956 1204 1016 1243 non

333 1280 456 1342 propter
469 1262 606 1320 malitiam
623 1264 651 1318 in
668 1260 784 1321 miseriis
801 1264 865 1322 sint.

380 1360 445 1421 109.
467 1342 618 1421 Quoniam
640 1344 726 1423 igitur
745 1344 774 1401 in
796 1344 925 1424 generali
945 1365 1018 1404 con·

334 1420 481 1483 stitutione
491 1423 600 1482 tamdiu
611 1440 732 1503 propter
742 1421 802 1502 ejus
835 1426 939 1483 artium
950 1426 1020 1484 mul·

334 1505 489 1564 titudinem
503 1525 739 1577 commoramus,
756 1525 792 1563 ne
805 1445 879 1564 ἐγὼ
893 1508 1017 1566 varieta-

335 1602 364 1645 te
381 1586 412 1645 &
429 1585 657 1645 dissimilitudine
674 1605 769 1644 rerum
786 1585 916 1645 didudius
933 1587 1019 1647 alicu·

336 1665 381 1746 jus
400 1670 510 1726 animus
530 1670 558 1726 in
576 1665 731 1746 quemdam
752 1686 882 1726 errorem
904 1666 1020 1727 defera-

320 1775 323 1780 ·
336 1766 383 1806 tur
398 1770 405 1807 ε
424 1749 492 1828 quid
503 1752 590 1806 etiarn
602 1747 686 1805 nobis
697 1767 731 1806 ex
745 1767 781 1806 eo
795 1767 904 1829 genere
917 1747 1021 1823 restet,

323 1859 325 1862 ·
339 1830 371 1887 dc
382 1850 469 1910 quare
480 1827 583 1901 restet,
602 1827 818 1886 admonendum
830 1828 957 1888 videtur.
971 1830 1022 1890 Ju-

337 1910 494 1970 ridicialem
514 1909 625 1968 causam
642 1906 698 1968 else
715 1909 901 1982 dicebamus,
918 1911 948 1968 in
966 1933 1022 1994 qua

339 1992 415 2072 aequi
433 1991 464 2049 dc
483 1992 572 2071 iniqui
589 1990 712 2063 natura,
732 1993 908 2075 praemii-aut
925 2013 1022 2073 poenae

338 2074 412 2130 ratio
439 2090 623 2152 quaereretur.
647 2069 702 2130 Eas
727 2069 844 2146 causas,
867 2072 898 2130 in
919 2074 1022 2152 quibus

340 2153 376 2212 de
393 2176 414 2212 ae
438 2175 476 2212 uo
496 2154 527 2212 &
543 2156 581 2211 ini
603 2175 641 2213 uo
660 2155 811 2236 quaeritur,
828 2150 1024 2235 exposuimus.

381 2175 568 2294 XleVII.
620 2233 689 2294 estat
710 2256 808 2308 nunc,
832 2251 863 2293 ut
887 2233 925 2293 de
947 2258 1024 2317 prae·

339 2319 420 2390 mio,
439 2317 470 2375 &
489 2316 525 2375 de
543 2338 631 2399 poena
650 2315 834 2396 explicemus.
853 2313 926 2373 Sunt
945 2320 1025 2377 enim

339 2398 437 2458 multae
452 2396 558 2471 causae,
574 2420 637 2477 quae
655 2417 691 2455 ex
707 2398 817 2476 praemii
834 2394 953 2474 alicuius
972 2418 1024 2479 pe·

338 2482 443 2538 titione
460 2477 599 2537 constant.
617 2478 694 2536 Nam
713 2478 745 2535 &
763 2476 840 2557 apud
856 2474 966 2554 judices
985 2478 1026 2540 de

338 2562 459 2638 praemio
475 2557 549 2639 saepe
567 2558 761 2618 accusatorum
779 2560 933 2638 quaeritur,
954 2558 986 2619 &
1007 2582 1025 2621 a

337 2637 456 2712 senatu,
472 2658 520 2698 aut
532 2642 654 2699 consilio
672 2638 789 2719 aliquod
807 2641 958 2718 praemium
974 2638 1029 2700 sae-

339 2739 377 2798 pe
395 2723 511 2798 petitur.
529 2720 575 2780 Ac
595 2721 743 2780 neminem
764 2721 923 2779 conveniet
945 2722 1025 2781 arbi-

336 2802 424 2873 trari,
442 2823 496 2860 nos
511 2823 599 2883 quum
616 2800 733 2881 aliquod
749 2799 916 2881 exemplum
932 2824 1028 2883 pona-

339 2900 423 2953 mus,
444 2883 523 2963 quod
541 2885 570 2941 in
588 2880 684 2940 senatu
705 2898 824 2962 agatur,
843 2880 878 2939 ab
897 2877 1030 2959 judiciali

338 2979 445 3041 genere
470 2962 672 3042 exemplorum
695 2962 843 3021 recedere.
869 2960 1030 3045 Quidquid

182 3040 418 3242 “cuim
442 3044 479 3106 de
501 3044 620 3107 homine
642 3042 819 3129 probando,
838 3060 888 3103 aut
908 3045 1031 3130 impro-

621 3150 638 3178 Ἃ
