2400 4067
228 516 524 584 Rnrroxrcx
552 516 653 584 ΜΒ.
679 518 708 584 I.
759 538 831 611 2¹3

143 635 459 714 argumentationem,
486 631 541 690 alia
562 632 642 712 aeque
663 630 766 706 firma,
790 647 837 691 aut

143 711 265 772 firmior
287 715 411 793 ponitur.
435 710 479 770 Ex
501 715 558 785 iis,
580 731 644 792 quae
666 711 812 771 sumuntur

144 792 261 872 aliquid
272 813 331 852 non
341 791 506 852 conceditur
516 837 524 866 ‚
535 811 623 871 quum
634 809 681 852 aut
695 792 724 852 id
735 839 744 866 ‚
758 757 839 873 quod
895 785 902 793 ’

146 871 291 932 credibile
315 872 433 945 dicunt,
456 891 493 930 ne
514 888 574 931 atur
595 870 651 932 elle
674 870 837 954 ejusmodi:
916 943 921 952 ,

148 969 204 1012 aut
228 951 308 1032 quod
332 893 524 1033 comparabile
549 968 649 1032 putant
672 998 681 1026 ,
705 953 839 1012 dissimile

149 1029 315 1092 ostenditur
328 1053 338 1105 ;
353 1051 400 1091 aut
414 1030 569 1111 judicatum
585 1034 669 1092 aliam
681 1035 710 1092 in
728 1049 839 1114 partem

148 1111 330 1186 traducitur,
344 1131 391 1171 aut
406 1115 526 1172 omnino
541 1110 678 1192 judicium
693 1115 840 1194 improba-

149 1209 204 1254 tur
222 1213 231 1266 ;
250 1209 317 1264 aut,
332 1193 411 1273 quod
426 1195 538 1276 signum
555 1191 610 1252 esse
628 1191 777 1253 adversarii
797 1194 840 1252 tb-

154 1289 283 1345 xerunt,
296 1272 329 1330 id
350 1269 490 1351 ejusmodi
506 1289 627 1353 negatur
649 1271 704 1332 esse
719 1294 728 1346 3
749 1291 796 1333 aut
819 1276 841 1332 si

153 1353 348 1432 complexio,
364 1368 412 1410 aut
424 1371 499 1423 una,
513 1367 560 1410 aut
576 1368 695 1432 utraque
710 1373 745 1411 ex
762 1364 843 1432 parte

153 1431 376 1516 reprehenditur
391 1452 400 1504 3
418 1446 465 1489 aut
480 1432 502 1488 si
517 1433 695 1490 enumeratio
709 1431 777 1491 salsa
790 1455 842 1514 osf

154 1513 287 1575 tenditur
300 1532 310 1584 3
324 1528 370 1570 aut
385 1515 408 1571 si
422 1509 543 1590 simplex
557 1511 703 1570 conclusio
717 1511 779 1572 salsi
792 1514 844 1573 ali-

156 1593 232 1674 quid
247 1595 394 1652 continere
413 1589 629 1650 demonstratur.
646 1590 723 1651 Nam
740 1614 845 1671 omne,

159 1673 245 1755 quod
256 1671 371 1730 sumitur
384 1671 420 1730 ad
433 1671 706 1754 argumentandum,
717 1675 777 1733 sive
791 1696 845 1754 pro

160 1753 322 1836 probabili,
340 1756 401 1812 sive
435 1773 468 1811 ro
487 1750 660 1826 necessario,
678 1751 787 1813 necelle
805 1753 847 1814 est

160 1833 289 1894 sumatur
305 1853 341 1892 ex
356 1833 397 1891 his
413 1774 485 1892 locis
496 1878 504 1906 ‚
514 1851 546 1891 ut
562 1834 626 1892 ante
642 1830 826 1894 ostendimus.

207 1911 334 1972 XLIII.
356 1913 449 1992 Quod
475 1935 528 1994 pro
556 1913 682 1973 credibili
704 1912 847 1995 sumptum

165 1997 240 2067 erit,
255 1993 285 2052 id
297 1991 504 2066 infirmabitur,
526 1996 548 2051 si
564 2011 611 2051 aut
629 1992 772 2074 perspicue
790 1994 848 2054 fal-

165 2073 229 2133 sum
247 2076 315 2147 erit,
330 2073 386 2132 hoc
401 2074 492 2132 modo
509 2093 517 2130 t
534 2072 632 2132 Nemo
649 2071 708 2146 est,
725 2077 848 2155 quinon

166 2156 340 2235 pecuniam,
358 2153 445 2232 quam
456 2151 622 2231 sapientiam
635 2153 723 2212 malit.
739 2152 800 2213 Aut
813 2176 850 2215 ex

167 2235 313 2293 contrario
323 2252 381 2310 quo
422 2251 438 2289 e
452 2230 586 2289 credibile
600 2231 703 2309 aliquid
716 2232 850 2306 habebit,

167 2316 228 2374 boc
246 2311 338 2370 modo
356 2331 364 2367 ε
383 2252 461 2387 guis
478 2306 539 2382 est,
557 2312 682 2389 quinon
697 2309 782 2368 officii
800 2322 852 2369 cir-⁴

169 2393 267 2478 pidior
282 2393 335 2463 sit,
354 2389 440 2470 quim
453 2391 580 2468 pecuniae
595 2388 680 2448 ?Aut
693 2392 745 2448 erit
758 2393 854 2449 omni-

170 2496 212 2534 no
233 2469 418 2543 incredibile,
438 2485 470 2527 ut
490 2471 512 2527 si
534 2471 620 2548 quis‚
639 2488 725 2549 quem
745 2469 855 2531 constet

173 2552 230 2614 esse
246 2573 383 2624 avarum,
402 2551 477 2609 dicat
493 2547 609 2629 alicujus
624 2549 775 2608 mediocris
791 2548 871 2610 offi?

174 2636 209 2692 cii
229 2633 333 2706 causei,
355 2630 385 2691 se
404 2633 559 2690 maximam
580 2632 731 2711 pecuniam
753 2633 856 2714 negle-

175 2711 251 2772 xille.
272 2713 333 2772 Aut
355 2715 395 2783 si,
414 2712 494 2792 quod
510 2713 540 2768 in
563 2708 730 2788 quibusdam
750 2714 857 2786 rebus,

175 2811 225 2853 aut
239 2793 402 2850 hominibus
420 2791 540 2863 accidit,
555 2791 584 2848 id
603 2793 736 2850 omnibus
752 2793 859 2850 dicatur

176 2874 228 2930 usu
250 2873 366 2929 evenire
387 2914 396 2943 ‚
415 2870 472 2929 hoc
497 2871 609 2950 pasto:
632 2871 696 2948 Qui
721 2893 859 2952 pauperes

176 2952 260 3023 sunt,
275 2953 307 3008 iis
323 2952 463 3028 antiquior
478 2949 574 3008 officio
594 2954 714 3028 pecunia
729 2950 777 3010 est.
799 2951 861 3026 Qui

177 3035 259 3094 locus
283 3028 407 3092 desertus
427 3027 492 3105 est,
514 3028 544 3089 in
562 3049 599 3090 eo
627 3030 736 3090 caedem
758 3030 861 3089 fallant
