2400 4067
356 486 408 560 50
471 466 935 537 Rnrrourcorrunr

355 603 425 656 patus
444 586 491 652 (ut
506 588 575 637 multi
593 585 706 652 faciunt)
724 602 844 635 venenum
861 586 968 646 datum,
989 587 1050 642 vitio

350 664 405 713 ¹cion
414 662 531 712 mediocri
540 659 701 711 conslit'tetur.
716 659 774 709 Non
785 660 848 709 enim
860 659 987 713 iustumne
1000 664 1047 723 sit,

354 738 488 804 quaerirur,
510 735 551 784 sed
566 751 579 783 a
592 750 640 800 quo
651 732 738 783 fesium
752 735 793 783 sit.

391 808 514 861 XXVlll.
529 810 591 858 ltem
601 804 773 864 vitiosum'eli,
789 804 813 855 ln
824 807 1000 873 comparandis
1010 827 1048 860 re·

352 884 398 933 bus
409 886 509 933 alteram
519 898 570 931 rem
581 880 686 938 efferre,
703 879 732 928 de
743 881 819 929 altera
830 880 987 932 mentionem
999 884 1048 935 nort

351 956 453 1015 facere,
473 954 514 1004 aut
530 949 692 1021 negligentius
708 952 826 1018 disputare
844 967 850 1002 :
865 965 893 1003 ut
908 954 1048 1022 si-co'mpa·

351 1042 441 1088 retur,
461 1027 537 1077 urrrlrn
551 1024 628 1093 satius
646 1026 678 1076 sit
690 1026 804 1093 populum
813 1023 963 1091 frumentum
983 1031 1046 1080 acci·-

348 1118 424 1170 pere,
447 1118 478 1149 an
494 1101 567 1151 non?
588 1118 641 1167 quae
658 1099 785 1149 commoda
799 1101 847 1149 sint
862 1100 888 1149 in
901 1101 985 1152 altera
1000 1120 1045 1165 re,

350 1187 420 1224 curet
437 1189 577 1224 enumerare
591 1189 598 1223 :
611 1189 664 1239 quae
675 1173 699 1221 ln
715 1173 792 1222 altero
802 1173 963 1224 incommoda
980 1177 1045 1237 sint,

350 1249 419 1298 velut
438 1245 544 1314 depressa
564 1258 718 1313 praeteream
738 1259 781 1295 erit
799 1263 849 1306 ea,
873 1264 930 1315 quae
950 1250 1045 1300 minime

349 1320 422 1380 sunt,
442 1321 514 1371 dicat.
534 1321 596 1371 Item
612 1319 722 1370 v'ltiosum
740 1319 773 1368 esi
785 1320 835 1379 ‚ln
851 1323 925 1371 rebus
943 1328 1045 1391 compt-

350 1395 429 1445 randis
439 1387 532 1446 necesse
542 1406 627 1462 putare
637 1395 736 1444 alteram
744 1408 796 1443 rem
806 1394 942 1460 vituperari
952 1429 961 1456 ,
974 1406 1044 1464 quum

350 1471 450 1518 alteram
465 1468 548 1519 laudes
565 1467 654 1535 equod
671 1483 766 1534 genus,
786 1467 806 1517 si
823 1480 971 1533 queratur,
988 1470 1045 1522 um'r

349 1541 426 1607 major
436 1542 516 1592 donor
526 1541 643 1590 habendus
661 1541 713 1596 sir,
729 1538 892 1599 Albensibus,
912 1556 947 1593 an
964 1541 1045 1594 Venu-

349 1614 427 1676 sinis,
447 1611 512 1682 qudd
524 1612 662 1682 reipublice
676 1613 701 1662 d(
710 1613 803 1678 populo
812 1612 928 1664 Romano
941 1617 1045 1682 profue-

348 1702 425 1746 runt,
447 1690 472 1738 or
487 1689 526 1746 is,
545 1687 586 1752 qu'i
597 1685 657 1734 dicit
673 1685 702 1733 ab
718 1686 820 1745 alteris,
839 1684 933 1739 alteros
947 1691 1041 1745 laedatt

348 1775 398 1810 non
412 1760 476 1810 enim
489 1757 583 1808 necesse
604 1757 654 1815 est,
668 1756 690 1806 'si
702 1758 792 1809 alteros
806 1774 936 1826 praeponas
951 1796 959 1822 ,
982 1766 1042 1815 alt'e'·

347 1850 389 1883 ros
403 1828 552 1898 vituperate.
565 1828 629 1879 Fleri
640 1829 703 1879 enim
714 1829 810 1896 potest,
828 1846 873 1892 ut,
890 1841 972 1901 quum
984 1838 1042 1889 alter

347 1923 388 1955 ros
405 1906 479 1972 magis
497 1902 619 1958 laudaris,
639 1902 741 1968 aliquam
753 1905 836 1954 alteris
850 1908 930 1958 laudis
947 1924 1041 1978 partem

340 1979 483 2034 uttribuas‚
505 1993 536 2026 ne
558 1974 645 2040 cupide
665 1975 778 2044 pugnasse
799 1992 885 2028 contra
906 1984 1040 2035 veritatem

346 2051 449 2116 puteris.
464 2051 525 2100 Item
536 2047 647 2099 vitiosum
654 2048 707 2108 vesi,
724 2050 754 2098 de
763 2051 860 2100 nomine
875 2052 902 2101 dr
915 2059 1040 2109 vocabrso

347 2122 400 2189 ejus
419 2124 456 2173 rei
474 2122 663 2172 controversiam
681 2120 790 2180 struere,
813 2140 882 2189 quam
902 2142 961 2178 rem
983 2146 1042 2182 con·

345 2194 448 2246 suetudo
465 2194 543 2262 potest
560 2193 652 2261 optime
664 2192 772 2260 judicare
789 2210 796 2247 t
814 2197 883 2246 velut
896 2197 1039 2267 Sulpicius,

345 2271 386 2336 qui
405 2267 588 2328 intercesserat,
604 2285 635 2318 ne
653 2267 766 2329 exsules,
786 2269 871 2336 quibus
889 2275 992 2326 causam
1006 2274 1041 2326 di·

347 2361 403 2393 cere
420 2361 469 2394 non
488 2341 609 2400 licuisset,
627 2341 822 2400 reducerentur,
839 2344 904 2404 idem
918 2347 1040 2412 postefils

343 2418 469 2467 immutati
481 2419 607 2466 voluntate
620 2449 627 2474 ,
646 2433 718 2481 quum
730 2416 838 2466 eamdem
848 2418 930 2484 legem
944 2421 1040 2482 ferret,

344 2492 415 2540 aliam
427 2491 475 2540 sese
484 2491 551 2539 serre
567 2489 663 2538 dicebat
673 2500 775 2554 propter
789 2490 912 2541 nominum
928 2506 1042 2546 commu.

344 2564 484 2612 tationem:
498 2578 552 2611 nam
568 2569 616 2610 n'on
633 2558 743 2626 exsules,
762 2562 802 2612 sed
814 2563 838 2611 vi
855 2563 939 2629 ejectos
960 2569 987 2620 se
1001 2582 1041 2620 re*-

346 2636 437 2686 duc'ere
452 2635 553 2692 aiebat3
570 2634 671 2701 perinde
688 2635 754 2700 quasi
771 2635 795 2685 id
806 2635 921 2689 fuisset‘in
936 2653 1041 2694 contro·

336 2710 444 2767 'versia,
466 2725 514 2775 quo
535 2707 570 2756 illi
589 2707 686 2756 nomine
707 2702 886 2775 appellarentur
906 2729 921 2762 a
942 2717 1042 2782 populo

266 2784 269 2791 '
345 2781 477 2839 Romano,
497 2793 538 2830 aut
555 2779 655 2846 perinde
671 2781 738 2847 quasi
754 2800 803 2832 non
822 2790 927 2844 omnes,
950 2791 1041 2855 quibus

346 2856 407 2924 aqud
423 2855 449 2904 &
464 2855 513 2921 igni
528 2853 679 2904 interdlslum
692 2853 744 2912 esi,
766 2856 859 2907 exsules
870 2862 1040 2925 appellentur.

345 2928 440 2981 Vcrdm
456 2929 492 2978 illi
507 2927 602 2977 fortasse
615 2927 781 2994 ignoscimus,
802 2931 893 2979 sicum
912 2935 989 2984 causa
1005 2936 1042 2985 se·

347 3004 380 3055 cu't
393 3020 400 3056 r
412 3019 458 3055 nos
470 3014 551 3053 tamon
566 3000 747 3069 intelligamus,
764 3002 875 3054 vitiosum
889 3005 940 3058 elie
960 3010 1045 3061 inten.
