2400 4067
245 692 309 788 'iiij
367 695 451 764 Au
491 691 818 766 chroa'rrlu.

252 808 372 872 codices
383 809 471 894 quim
483 809 622 892 plurimos
634 856 644 884 ,
658 811 707 892 qui
720 826 782 870 turn
796 808 947 874 Parisien·

253 892 330 950 sibus
342 894 371 951 in
384 891 568 953 bibliothecis
578 908 660 952 erant
668 913 678 966 3
692 892 741 953 sed
760 913 820 952 nou
836 893 946 954 eadem

252 970 330 1046 side,
348 975 371 1033 si
386 971 515 1035 Grutero
531 973 696 1047 credimus,
712 975 769 1068 qud
783 972 945 1036 Vidorius.

253 1050 437 1115 Contextum
449 1053 602 1114 Ciceronis
611 1053 664 1114 suo.
671 1054 826 1127 arbitratu,
844 1070 876 1112 ut
887 1077 947 1135 pu·

252 1134 368 1194 tabatur
378 1180 387 1209 ,
398 1137 600 1206 immutatum,
615 1135 818 1196 excudendum
829 1139 945 1198 curavit

252 1211 366 1275 Parisiis
385 1238 462 1276 anno
483 1215 570 1296 1566.
590 1214 783 1297 ipsequidem
796 1213 902 1277 fatetur
910 1218 943 1281 se

253 1295 377 1354 aliorum
396 1295 575 1376 conjecturas
592 1294 732 1356 admisisse
751 1342 761 1371 ,
795 1313 882 1378 atque
904 1300 947 1360 ita

245 1373 387 1456 probasse
399 1422 408 1450 ,
421 1399 488 1458 quae
509 1378 556 1437 alii
576 1379 643 1438 ante
660 1377 771 1438 erudite
795 1380 951 1460 cogitave-

254 1473 328 1517 rant.
348 1455 406 1517 Sed
422 1461 483 1519 sive
494 1457 617 1517 aliorum
628 1503 637 1532 ,
649 1460 710 1520 sive
722 1456 776 1518 suis
789 1459 949 1540 aliquando

245 1535 427 1616 -conjeduris
437 1538 563 1613 steterit,
581 1553 670 1621 quum
683 1540 713 1598 in
727 1559 764 1600 eo
780 1539 890 1600 summa
899 1544 948 1602 vis

256 1616 326 1679 esset
344 1622 470 1716 ingenii,
487 1641 548 1680 non
565 1619 686 1695 desunt,
703 1621 837 1702 quihunc
849 1621 949 1683 nolint

252 1697 334 1760 fuisse
352 1705 445 1762 minirs
463 1702 615 1762 audacem.
630 1703 715 1762 Hanc
737 1701 870 1761 Lambini
882 1702 947 1762 edi·

255 1783 368 1842 tionem
388 1781 541 1843 subsecuta
559 1782 620 1841 aliae
647 1781 709 1841 sunt
758 1781 801 1842 ost
828 1782 945 1845 obitum

245 1861 400 1936 andorn,
416 1863 527 1945 operi,
546 1879 577 1922 ut
587 1861 718 1937 videtur,
730 1803 863 1943 [ambiri
875 1861 947 1940 filii,

156 1967 160 1979 ‘
255 1946 305 2023 qui
322 1944 457 2032 vulgatos
476 1962 542 2001 ante
556 1960 709 2022 parentem
724 1943 814 2003 libros
829 1943 946 2005 secutus

255 2021 319 2096 est,
337 2023 469 2101 messis,
489 2044 551 2103 quae
569 2026 599 2082 in
618 2025 710 2103 prima
729 2024 857 2084 editione
874 2046 946 2084 mu-

254 2119 313 2162 tata
328 2121 430 2176 erant,
450 2106 479 2162 in
493 2125 557 2163 oras
571 2105 748 2184 paginarum.
767 2102 885 2183 Adjecit
909 2106 946 2166 8(

253 2181 349 2243 Fulvii
363 2182 558 2247 Ursininotas
571 2187 600 2242 in
618 2184 747 2244 editione
770 2183 945 2246 Genevensi

254 2266 323 2322 anni
343 2263 428 2343 1584.
447 2262 576 2344 Vestigia
591 2263 723 2323 Lambini
732 2267 761 2322 i'n
772 2263 825 2322 suis
836 2264 948 2324 editio-

246 2344 337 2405 uibus
353 2345 456 2424 pressit
467 2342 631 2423 Dionysius
644 2341 857 2403 Gothofredus.

295 2422 411 2484 Eodem
427 2440 561 2504 tempore
578 2424 695 2483 Marcus
709 2423 854 2483 Antonius
870 2422 946 2484 Mu·

254 2502 351 2580 retus,
369 2506 400 2566 &
419 2505 564 2566 Adrianus
578 2503 753 2578 Turnebus,
772 2522 945 2586 praeteran-
969 2580 975 2587 .

252 2590 441 2662 notationes,
480 2609 529 2647 uas
544 2589 574 2647 in
584 2587 679 2668 plures
689 2584 840 2648 Ciceronis
850 2586 942 2648 libros

249 2667 440 2750 scripserant,
458 2609 537 2728 diam
557 2689 674 2749 quoque
697 2669 726 2726 in
749 2666 942 2729 emendandis

249 2750 315 2809 aliis
328 2748 461 2826 ejusdem
472 2750 609 2828 operibus
622 2746 785 2806 industriam
798 2769 943 2808 exercue-

254 2845 340 2900 runt3
358 2829 389 2889 δι
402 2849 457 2908 pro
469 2848 504 2888 ea
516 2873 525 2900 ‚
535 2827 591 2908 quai
603 2826 772 2907 pollebant,
785 2831 892 2909 ingenii
907 2830 942 2891 &

256 2907 393 2969 dodrinae
403 2910 503 2988 copia,
515 2911 665 2968 innumera
674 2909 769 2988 prope
779 2909 845 2967 loca
855 2954 862 2981 ,
874 2931 941 2990 quae

254 2989 380 3051 ineditis
398 3010 503 3051 manca
513 3005 562 3050 aut
577 2989 734 3069 depravata
747 2988 940 3070 legebantur,

254 3068 512 3151 manuscriptorum
531 3090 590 3150 ope
611 3069 769 3150 integritati
784 3067 838 3128 suae
857 3068 944 3130 resti-
967 3090 970 3095 ·

257 3165 384 3212 ruerunt.
409 3149 512 3234 Itaque
535 3148 649 3211 refertis
671 3151 755 3209 omni
772 3149 945 3213 eruditionis

252 3251 364 3316 genere
390 3231 468 3297 libris
494 3230 649 3297 variarum
667 3228 825 3295 ledionuut
849 3229 949 3313 atter,
974 3238 989 3287 ’4

851 3604 989 3781 »a
