2400 4067
575 704 698 756 AD
756 682 1295 752 HERENNIUM
1348 684 1425 753 L.
1478 684 1613 753 IV.
1712 704 1855 778 113

479 822 567 857 ενι
606 808 820 856 condono
852 804 1093 872 potestati.
1136 801 1237 853 Vos
1266 821 1337 852 me
1358 838 1375 859 ‚
1428 822 1519 869 quo
1554 804 1691 871 paffo
1726 803 1859 854 robis

483 880 759 936 videbitur,
791 879 1023 933 utamini,
1058 892 1196 942 atque
1228 877 1487 926 abutamini
1521 877 1683 925 licebit
1712 877 1861 944 impu-

483 952 546 1003 ne
580 970 597 1003 .·
631 954 678 1001 in
707 971 812 1009 me,
847 951 1066 1019 quicquid
1095 950 1214 999 libet
1235 984 1252 1006 ,
1279 951 1477 1012 statuite
1514 967 1531 998 .·
1570 950 1711 998 dicite
1738 984 1753 1007 ,
1788 966 1863 998 at·

481 1043 573 1093 que
605 1025 948 1093 obtemperabo.
979 1025 1092 1073 Hoc
1115 1040 1269 1090 genus
1298 1025 1491 1073 tametsi
1520 1026 1633 1072 alias
1666 1040 1861 1088 quoque

481 1116 842 1165 nonnumquam
885 1098 1184 1147 traetandum
1231 1096 1335 1154 est,
1378 1112 1539 1146 tamen
1578 1097 1637 1145 ad
1678 1096 1865 1145 miseri-

483 1174 700 1223 cordiam
750 1171 1153 1222 commovendam
1189 1168 1611 1221 vehementissime
1661 1170 1728 1219 est
1777 1187 1864 1219 ac-

482 1246 863 1296 commodatum.

563 1335 653 1381 40.
693 1320 956 1368 Dubitatio
983 1317 1086 1377 est,
1115 1334 1261 1384 quum
1290 1334 1505 1383 quaerere
1536 1317 1727 1366 videtur
1756 1332 1867 1365 ora-

483 1404 569 1442 tor
591 1427 608 1451 ,
641 1406 801 1441 utrum
834 1394 894 1441 de
933 1392 1121 1441 duobus
1159 1389 1361 1456 potius,
1397 1405 1479 1439 aut
1508 1391 1621 1457 quid
1658 1391 1717 1439 de
1756 1392 1867 1456 plu·

489 1466 626 1517 ribus
667 1463 967 1530 potissimum
1011 1466 1176 1522 dicat,
1220 1466 1314 1513 hoc
1357 1466 1505 1513 modo
1542 1481 1555 1512 :
1602 1461 1771 1528 Obfiu't
1808 1481 1863 1513 eo

490 1554 703 1604 tempore
732 1538 981 1604 plurimum
1013 1537 1279 1603 reipublicae
1307 1534 1543 1603 consulum
1575 1537 1673 1586 sive
1697 1536 1867 1597 stulti-

491 1612 614 1660 tiam
637 1645 655 1666 ,
695 1610 792 1658 sive
830 1610 1060 1659 malitiam
1101 1611 1255 1658 dicere
1288 1626 1513 1677 oportet,
1550 1610 1647 1658 sive
1685 1624 1866 1657 utrum-

493 1701 605 1751 que.
649 1684 771 1732 Item
795 1717 810 1740 ,
850 1682 920 1731 Tu
954 1683 1074 1745 istud
1111 1680 1245 1747 στι-[ἕω
1281 1700 1329 1733 es
1362 1684 1512 1732 dicere
1540 1720 1555 1739 ‚
1595 1684 1729 1730 homo
1765 1700 1869 1731 om-

493 1756 625 1807 nium
662 1755 930 1804 mortalium
961 1756 981 1803 .'
1011 1791 1024 1806 .
1053 1791 1068 1803 .
1095 1793 1109 1806 .
1137 1773 1244 1804 riam
1275 1775 1365 1823 quo
1405 1772 1453 1806 te
1489 1756 1629 1825 digno
1667 1756 1868 1805 moribus

493 1830 592 1879 tuis
622 1829 857 1896 appellem
886 1830 1087 1879 nomine.
1115 1829 1375 1895 Expeditio
1406 1831 1506 1885 est,
1544 1846 1686 1895 quum
1719 1830 1871 1877 ratio-

489 1903 637 1954 nibus
673 1904 1000 1968 compluribus
1030 1906 1357 1963 enumeratis,
1394 1905 1563 1969 quibus
1602 1902 1759 1966 aliqua
1794 1918 1873 1951 res

489 1991 579 2028 aut
608 1975 714 2025 fieri
744 1989 826 2025 aut
855 1994 954 2026 non
983 1975 1087 2025 fieri
1118 1980 1362 2042 potuerit,
1389 1991 1567 2026 ceterae
1594 1977 1867 2034 tolluntur,

491 2068 590 2100 una
626 2051 944 2117 relinquitur,
975 2067 1114 2116 quam
1149 2068 1239 2101 nos
1274 2052 1563 2101 intendimus
1587 2084 1601 2107 ,
1636 2052 1730 2098 hoc
1766 2067 1875 2098 mo-

490 2124 560 2173 do
593 2140 607 2174 z
637 2118 835 2189 Neceffe
866 2125 929 2186 est
951 2158 966 2179 ,
999 2142 1130 2190 quum
1161 2127 1339 2187 constet
1369 2124 1498 2186 illum
1530 2124 1729 2184 nostrum
1750 2122 1870 2188 fun·

490 2198 600 2247 dum
633 2195 774 2263 ficiffe
797 2231 813 2253 ‚
852 2197 1065 2259 ostendas
1088 2230 1104 2251 ‚
1149 2212 1196 2246 te
1231 2214 1315 2246 aut
1349 2215 1543 2246 vacuum
1578 2194 1821 2262 poffedss‘e
1848 2232 1867 2253 ,

490 2287 578 2320 atet
617 2268 698 2336 usu
741 2286 868 2319 tuum
901 2268 1102 2335 feciffe,
1139 2285 1222 2319 aut
1260 2268 1411 2336 emiffe
1442 2304 1457 2329 ,
1495 2284 1579 2317 aut
1604 2270 1872 2318 'hereditate

490 2342 584 2392 tibi
620 2342 810 2407 veniffe.
859 2342 1066 2393 Vacuum
1086 2376 1103 2398 ,
1147 2362 1280 2409 quum
1317 2362 1401 2411 ego
1440 2340 1633 2409 adeffem
1656 2376 1672 2398 ,
1708 2343 1883 2408 possi-.

491 2416 602 2464 dere
639 2432 734 2463 non
756 2415 995 2479 potuisti:
1028 2430 1152 2462 tuum
1193 2435 1275 2465 utu
1291 2415 1456 2481 fec-'ffe
1486 2416 1733 2464 etiamnum
1773 2434 1869 2464 non

485 2501 654 2568 potes·
668 2501 684 2533 .·
726 2484 896 2550 emptio
931 2485 1068 2532 nulla
1101 2486 1345 2551 profertur
1383 2504 1399 2535 :
1440 2487 1697 2535 hereditate
1738 2487 1826 2535 tibi
1848 2522 1867 2543 ,

493 2576 567 2608 me
604 2557 752 2615 vivo,
789 2573 892 2604 mea
929 2556 1132 2623 pecunia
1163 2559 1321 2607 venire
1352 2574 1447 2607 nott
1480 2557 1659 2625 potuit.
1696 2557 1811 2605 Reli
1798 2576 1875 2607 ’11-

493 2632 655 2699 quitur
695 2647 803 2697 ergo
827 2663 843 2685 ,
889 2643 942 2677 ut
980 2646 1052 2677 me
1097 2628 1149 2676 vi
1189 2632 1247 2679 de
1287 2648 1391 2679 meo
1428 2626 1585 2695 findo
1628 2628 1875 2695 dejeceris.

491 2705 618 2755 Haec
643 2702 896 2753 exornatio
931 2700 1184 2767 plurimum
1208 2704 1395 2771 juvabit
1419 2720 1531 2768 conl
1560 2744 1562 2746 .
1603 2723 1615 2747 ε
1659 2751 1671 2759 ,

491 2778 898 2845 gumentatione&
927 2776 1024 2826 Sed
1058 2793 1158 2826 non
1187 2778 1315 2836 erit,
1347 2788 1400 2828 ta
1438 2800 1503 2835 w
1539 2820 1540 2823 η
1584 2827 1590 2830 ,

495 2866 592 2914 que
619 2882 636 2903 ,
669 2862 723 2899 ut
759 2868 904 2915 quum
942 2851 1148 2900 velimus
1167 2886 1182 2910 ,
1220 2852 1282 2903 εἰ
1311 2868 1403 2920 pm
1423 2852 1479 2903 '.
1521 2864 1525 2865 ⁷
1557 2872 1561 2875 ’

495 2921 662 2971 facere
692 2922 738 2970 id
773 2940 870 2973 non
903 2924 1172 2989 poterimus
1193 2958 1213 2985 ,
1244 2924 1374 2979 1ιίιὶ
1492 2927 1493 2934 ’

493 3006 666 3046 natura
701 2994 826 3044 dabit
853 2996 1146 3047 facultatem.

573 3065 762 3115 XXX.
803 3066 1062 3119 Diffolutio
1109 3070 1176 3121 est
1208 3078 1237 3131 ⁰,
1312 3088 1342 3130 ᾖ
1378 3083 1383 3086 ’

494 3139 758 3189 verborum
803 3154 830 3187 e
877 3140 1038 3189 medio
1079 3140 1338 3204 sublatisffl
1375 3133 1470 3204 -ῗῗζ

492 3212 694 3267 effertur
713 3244 730 3272 ‚
763 3211 859 3263 hoc
891 3212 1040 3267 modo
1073 3230 1090 3268 z
1127 3212 1253 3272 Gm
1314 3208 1334 3243 ·.
