2400 4067
253 475 327 550 130
376 458 850 524 Raaanonaconvna

247 577 393 641 proprium:
410 594 458 626 non
476 576 540 625 enim
556 575 627 624 datur
644 573 751 623 auditori
768 572 884 640 poteslas
896 568 938 623 ari·

248 666 314 698 mum
338 651 368 701 de
389 667 415 700 re
436 648 567 700 firmissima
590 647 740 697 dimovendi.
770 646 846 697 Huic
867 662 939 697 exem

247 724 315 789 plum
335 724 389 775 satis
406 723 522 773 idoneum
538 720 622 787 subjici
638 738 688 771 non
703 718 814 786 potuit,
834 731 940 788 propter·

249 811 279 847 ea
295 794 361 864 qudd
381 798 420 847 hic
439 798 508 847 locus
526 812 576 846 non
596 794 629 845 esi
645 812 660 845 a
677 806 733 845 tota
753 793 834 844 causa
858 794 940 859 separa·

248 879 308 929 tur,
325 872 396 921 sicuti
411 872 543 921 membrum
558 868 676 934 aliquod,
692 868 734 917 sed
751 879 887 935 tamquam
901 866 942 917 saa·

249 943 327 1011 guis,
352 943 460 1010 perfusus
484 943 518 993 est
538 959 583 1009 per
601 953 681 991 totum
700 957 799 1007 corpus
821 940 941 993 orationis.

248 1017 385 1067 Contentio
407 1017 469 1077 est,
492 1034 537 1083 per
557 1034 628 1083 quam
650 1014 774 1065 contraria
797 1014 943 1067 referuntur.

249 1090 285 1139 Ea
302 1089 334 1140 ell
351 1091 375 1139 in
390 1092 520 1140 verborum
539 1088 762 1148 exornationibus,
779 1100 815 1139 ut
835 1088 895 1141 autb
907 1086 943 1139 da·

250 1163 361 1222 ruimus,
381 1162 497 1229 ejusmodi
513 1180 520 1214 ι
540 1162 647 1212 Inimicis
663 1177 687 1211 ιι
698 1160 878 1230 placabilem,
895 1160 943 1211 ni·

249 1236 283 1285 cis
300 1236 470 1286 inexorabilem
484 1234 583 1303 probes.
604 1237 632 1285 ln
652 1235 859 1295 sententiarum,
874 1232 943 1301 huius
978 1257 982 1271 ·

248 1309 339 1360 modi:
359 1309 409 1360 Vos
424 1311 489 1375 bajus
508 1309 660 1360 incommodis
679 1308 789 1376 lugetis,
811 1309 859 1371 ista
878 1308 943 1375 reip·

250 1381 317 1432 blica
332 1384 470 1433 calamitate
486 1384 589 1433 latratur.
611 1381 662 1435 Vos
677 1381 762 1443 restria
776 1379 895 1447 fortunis
906 1376 943 1447 fif

244 1456 340 1525 fiditis,
355 1457 396 1520 iste
408 1455 475 1524 folus
486 1453 537 1524 suis
553 1456 581 1505 ed
595 1455 669 1523 magis
681 1454 796 1522 confidit.
817 1454 944 1507 interiret

251 1529 299 1579 duo
319 1532 503 1581 contentionum
520 1546 611 1598 genera
626 1529 675 1577 hoc
693 1526 798 1578 interest
817 1544 826 1580 ε
845 1528 906 1579 illud
918 1542 945 1577 ex

250 1603 330 1653 verbis
353 1604 467 1654 celeriter
495 1604 577 1653 relatis
603 1601 694 1652 constat
714 1618 724 1659 ς
746 1599 791 1651 hle
824 1600 944 1655 sententia

250 1677 379 1727 contrariae
399 1695 431 1727 ex
452 1676 633 1743 comparatione
652 1674 797 1727 reserantur
820 1688 931 1743 oportet·

290 1765 333 1813 59.
353 1750 488 1800 Similitudo
512 1749 545 1798 est
569 1749 648 1798 oratio
678 1747 817 1799 traducens
843 1750 879 1801 ad
902 1763 946 1799 rem

251 1823 385 1890 quampiam
401 1822 490 1888 aliquid
510 1838 541 1871 ex
556 1838 583 1870 re
601 1819 688 1886 dispari
705 1820 798 1872 simile.
825 1818 867 1873 Ea
882 1820 946 1873 latmi·

251 1908 291 1945 tur
306 1907 347 1944 aut
363 1895 464 1945 ornandi
482 1892 572 1952 causi,
590 1907 633 1944 aut
650 1894 792 1960 probandi,
815 1907 863 1946 aut
882 1912 947 1963 aper·

251 1966 297 2019 rius
318 1968 432 2025 dicendi,
450 1979 493 2018 aut
508 1979 565 2018 ante
583 1969 669 2017 oculos
688 1968 811 2032 ponendi·
836 1968 947 2035 Quomo-

253 2042 284 2092 do
301 2041 373 2108 igitur
389 2055 494 2108 quatuor
511 2041 541 2090 de
556 2040 635 2090 causis
652 2041 774 2101 sumitur,
788 2042 828 2093 ita
847 2054 947 2111 quatuor

251 2115 329 2164 modis
345 2114 433 2164 dicitur
446 2132 455 2173 ς
470 2114 689 2181 percontrarium,
708 2131 754 2180 per
769 2116 948 2185 negationem.

251 2204 295 2254 per
311 2188 473 2246 brevitatem,
491 2205 536 2254 per
554 2186 722 2238 collationem.
734 2186 778 2239 Ad
788 2206 947 2259 unamquan·

252 2278 299 2328 que
317 2261 437 2313 sumendae
454 2263 547 2312 causam
566 2260 730 2311 similitudinis
750 2262 949 2317 accommodabi-

252 2351 303 2386 mus
320 2334 428 2402 singulos
445 2336 530 2386 modos
547 2334 730 2401 pronuntiandi.

289 2408 398 2459 XLVI.
420 2410 530 2460 Ornandi
557 2408 629 2458 causd
653 2408 752 2459 sumitur
777 2426 827 2475 per
854 2422 949 2463 coam·

251 2481 330 2539 rium,
349 2482 408 2531 sic.
422 2483 479 2531 Non
496 2482 555 2531 enim
574 2482 765 2548 quemadmodum
777 2484 949 2553 rnpalaestn

253 2555 292 2621 qui
310 2556 382 2603 radas
398 2557 523 2604 candentes
540 2555 649 2621 accipit,
668 2554 772 2605 celerior
789 2558 856 2621 est
843 2576 873 2609 ιιι
889 2554 951 2627 msa

253 2627 387 2683 continuo,
404 2627 471 2694 quim
490 2628 511 2675 il
511 2628 552 2684 l‚e
571 2628 610 2711 qui
628 2622 729 2686 tradit,
749 2630 789 2678 ita
804 2632 951 2683 melioria*

250 2715 350 2768 perator
364 2718 456 2757 notas,
472 2702 511 2767 qui
528 2701 616 2768 accipit
633 2702 781 2761 exercitum,
798 2704 875 2771 quein
891 2706 951 2761 ille,

252 2792 292 2841 qm
286 2773 426 2823 decedit:
418 2790 566 2859 .propttrqa
578 2775 640 2841 qnid
654 2737 802 2861 defatigqtita
815 2776 925 2864 carsor
915 2798 952 2829 aa·

253 2864 318 2916 regro
330 2844 588 2916 facem,b1‘cperitus
606 2848 735 2913 imperator
749 2850 869 2918 imperito
884 2870 952 2904 extr·

253 2922 421 2971 cirumtradir.
442 2921 531 2972 Hoc
513 2940 565 2972 sine
579 2921 680 2973 srm1lr
677 2922 722 2973 ntia
739 2924 835 2989 plani,
854 2926 953 2995 &per-

253 2993 353 3062 spicu'e,
373 2995 605 3062 &probabiliter
592 2994 640 3046 eici
657 2996 760 3061 potuit,
779 2998 832 3053 hoc
852 3001 952 3055 modoz
