2400 4067
334 420 415 564 44&
529 473 830 542 onnon.

357 591 441 650 uibus
461 589 586 672 aliquid,
609 605 658 649 aut
668 588 750 671 plura
761 588 906 661 deerant,
922 590 1017 650 ineam

336 610 463 730 dormam
477 691 538 730 non
547 685 664 751 poterat
680 669 842 730 includere.
863 666 1017 751 Investige¹¹

338 770 403 809 mus
411 750 487 810 hunc
498 753 594 832 igitur,
607 749 712 823 Brute,
728 752 751 808 si
760 747 928 830 postumus,
939 771 1016 831 quem

337 850 496 912 numquam
507 830 581 892 vidit
591 829 758 904 Antonius,
777 846 829 890 aut
841 832 893 911 qui
904 833 1014 890 omnino

337 910 431 970 ncdlus
445 931 586 991 umquam·
596 909 670 969 fuir:
691 930 779 991 quern
797 913 827 970 si·
838 912 965 984 imitari,
981 927 1016 970 ar·

337 1011 395 1129 :plue
410 993 573 1072 exprimere
590 1011 651 1050 non
690 987 835 1065 offumns,
855 989 1015 1072 quodidem

338 1071 346 1084 ⁹
371 1091 387 1130 e
409 1074 459 1130 vix
485 1071 542 1131 deo
561 1090 653 1130 conce
675 1092 725 1130 um
746 1068 803 1131 esse
824 1070 966 1145 dicebat;
991 1091 1015 1130 ar

338 1150 428 1231 qualis
443 1148 498 1212 esse
514 1151 644 1222 debeat,
666 1153 829 1232 poterimus
848 1149 964 1213 fortaffe
980 1151 1017 1211 di·-

336 1250 414 1290 cere.

260 1387 262 1391 ¹
377 1308 433 1371 Vl.
451 1309 523 1372 Tria
536 1310 599 1372 sunt
619 1309 741 1373 omnino
754 1331 872 1451 penem
889 1312 1015 1387 dicendi,

337 1391 440 1472 quibus
452 1395 481 1452 in
497 1393 612 1475 singulis
624 1393 740 1475 quidam
776 1410 938 1467 oruerunt;
955 1415 1016 1474 per-

337 1473 419 1553 aeque
433 1490 550 1548 autern,
569 1474 599 1533 id
621 1473 701 1555 quod
714 1472 870 1547 volumus,
888 1477 1016 1556 perpauci

336 1553 367 1610 i'n
385 1555 530 1635 omnibus.
562 1553 642 1614 Nam*
660 1555 691 1613 δί
712 1551 919 1636 grandiloqui,
937 1573 967 1613 ut
982 1558 1016 1613 itr

337 1633 451 1708 dicam,
463 1632 580 1694 fuerunt
592 1630 658 1694 cum
671 1635 766 1715 ampla
777 1633 811 1693 &
819 1632 1015 1696 sententiarum

338 1717 498 1794 gravitate,
519 1715 551 1775 &
563 1712 711 1796 majestate
723 1713 886 1775 verbomm
898 1760 909 1789 ‚
929 1716 1013 1777 vehe-

338 1812 470 1865 mentes,
491 1797 582 1869 varii,
601 1797 732 1875 copiosi,
747 1814 879 1878 graves:
903 1797 940 1856 ad
956 1817 1013 1878 per·

336 1874 527 1948 movendos,
551 1876 583 1933 &
605 1875 824 1935 convertendos
841 1879 955 1937 animos
975 1879 1013 1935 in·

337 1951 449 2027 structi,
469 1955 500 2013 ὅ(
515 1956 627 2034 parati:
651 1955 732 2037 quod
745 1955 838 2036 ipsum
850 1957 900 2017 alii
911 1957 944 2017 as
959 1957 1013 2030 eri,

336 2031 426 2107 tristi,
443 2034 561 2093 horridi
581 2039 737 2110 oratione,
761 2056 859 2117 neque
875 2058 915 2118 pe
960 2038 1013 2109 di,

336 2133 432 2194 neque
445 2113 599 2190 concluffi3
618 2116 760 2186 alii-leni,
782 2115 976 2192 &‘instrudd‚
988 2119 1017 2178 δι’

336 2197 497 2254 terminati.
513 2194 561 2255 'Et
574 2196 804 2271 contritenues,
819 2201 917 2271 acuti,
928 2201 1014 2260 omnia

336 2274 500 2350 docentes,
523 2277 555 2336 &
570 2277 759 2349 dilucidiora,
784 2299 846 2336 non
861 2281 1013 2361 ampliora,

336 2354 499 2430 facientes,
518 2356 611 2416 subtili
623 2358 746 2438 quadam
762 2357 793 2416 &
807 2357 903 2439 press‘d
917 2363 1015 2420 oratio-

336 2456 374 2494 ne
385 2438 474 2495 limati
486 2458 493 2494 :
507 2439 536 2495 in
550 2438 715 2519 eodemque
728 2459 838 2520 genere
851 2440 900 2500 alii
914 2440 1013 2512 callidi,

335 2515 386 2574 sed
405 2518 552 2597 impoliti,
573 2519 605 2576 &
627 2517 757 2578 consulto
781 2519 899 2580 rudium
918 2522 1013 2581 similes

336 2596 367 2652 dc
389 2598 611 2676 imperitorum
633 2599 683 2656 alii
695 2600 724 2656 in
743 2598 849 2659 eadem
868 2599 1017 2680 jejunitate

335 2678 536 2736 concinniores
544 2722 553 2749 ‚
561 2676 591 2734 id
602 2675 653 2752 est,
663 2678 761 2752 faceti,
771 2680 915 2742 florentes
924 2687 1014 2753 eriam,

336 2755 367 2813 &
381 2755 483 2815 leviter
494 2759 596 2816 ornati.

338 2842 341 2847 '
376 2855 423 2895 21.
444 2834 492 2895 Est
508 2855 605 2898 autern
617 2838 733 2919 quidam
747 2837 936 2919 interjedius‚
948 2846 1016 2902 inter

333 2917 388 2976 fios
399 2917 528 2991 medius,
544 2919 576 2979 dc
590 2922 670 3000 quasi
682 2935 742 2978 tem
766 2937 879 2996 eratne,
894 2944 1018 2984 necaru-

333 3001 411 3058 mine
424 2996 633 3080 posteriorum,
645 3019 699 3060 nec
708 2939 830 3062 tuduine
841 3020 930 3065 utens
940 3003 1016 3085 supe·
