2400 4067
179 483 188 507 ἱ

253 502 300 554 10
361 479 830 554 Rnaronrconunr

249 603 348 660 senno,
365 601 391 652 dt
406 602 495 652 usitata
511 602 642 652 verborum
659 601 831 661 consuetudo,
849 614 879 653 ut
896 611 955 657 ποί

248 689 363 744 apparata
378 678 458 727 oratio
475 675 523 727 effe
536 674 659 726 videatur.
677 675 798 728 Vitiosum
816 678 951 730 exordium

248 749 305 808 est,
324 751 390 818 quod
402 749 427 800 in
446 751 527 818 plures
548 748 631 800 causas
644 747 722 816 potest
739 751 926 801 accommodari
940 783 951 812 ,

249 823 317 891 quod
329 825 426 892 vulgare
445 824 542 874 dicitur.
559 823 622 874 ltern
638 823 749 874 vitiosum
765 823 819 882 est,
839 840 892 891 quo
909 825 951 876 ui·

249 897 302 951 hild
312 895 389 947 minis
404 895 554 947 adversarius
572 896 652 964 potest
670 898 726 955 uti,
746 895 813 963 quod
823 914 953 950 commune

249 972 397 1039 appellatur.
422 970 484 1020 Item
504 971 582 1030 illud,
597 987 659 1037 'quo
682 970 770 1019 leviter
791 983 953 1024 commutato

249 1043 398 1097 adversarius
417 1043 509 1110 poterit
527 1044 564 1094 uti
583 1060 616 1094 ex
632 1042 764 1093 contrario.
788 1043 854 1094 Item
870 1045 953 1097 virio·

250 1118 303 1170 sum
317 1115 370 1174 est,
389 1117 457 1183 quod
471 1115 569 1168 nimium
584 1117 704 1183 apparatis
723 1116 803 1167 verbis
821 1119 955 1185 composi·

250 1202 304 1243 turn
321 1189 372 1248 est,
390 1203 432 1241 aut
448 1188 520 1241 nimis
534 1192 635 1257 longum
648 1190 702 1248 eii,
722 1190 748 1240 δι
765 1191 832 1257 quod
845 1208 900 1243 non
918 1209 952 1247 ex

249 1263 302 1332 ipsa
319 1264 388 1314 causa
406 1275 488 1314 natum
503 1263 601 1313 videtur
615 1261 705 1330 (quod
717 1260 855 1331 separatum
871 1282 952 1318 voca·

250 1349 313 1396 tura
333 1337 422 1405 inquo
438 1337 512 1390 etiam
526 1336 665 1404 tranflmum
676 1337 830 1405 includitur)
846 1351 877 1390 ut
891 1357 954 1406 pro·

250 1411 305 1480 prid
321 1413 446 1462 cohaereat
465 1428 521 1462 cum
541 1413 678 1462 narratione
697 1427 706 1469 ς
734 1411 760 1461 &
779 1411 846 1477 quod
863 1429 954 1481 neque

249 1486 420 1544 benevolum,
439 1502 520 1552 neque
537 1484 663 1542 docilem,
680 1501 759 1551 neque
774 1496 900 1536 attentum
913 1488 955 1538 fa·

251 1558 289 1609 eit
304 1559 451 1610 auditorem.
470 1559 512 1608 De
523 1558 626 1609 exordio
638 1557 694 1609 satis
711 1557 799 1608 diuum
812 1557 865 1618 est;
880 1560 955 1615 dein·

251 1648 312 1698 ceps
330 1633 361 1682 ad
377 1631 541 1683 narrationem
556 1630 712 1697 transeamus.
754 1691 758 1696 .

289 1706 364 1760 Vltl.
385 1706 561 1756 Narrationum
576 1704 624 1754 tria
645 1703 698 1753 sunt
717 1719 817 1770 genera.
839 1705 930 1758 Unum
942 1740 956 1768 .

251 1796 302 1846 quo
322 1779 465 1844 exponimus
486 1793 539 1826 rem
564 1775 653 1843 gestam
670 1808 685 1834 ,A
706 1777 733 1826 ἃ
754 1781 954 1849 unumquodque

252 1852 369 1902 trahimus
386 1850 417 1899 ad
432 1850 562 1899 utilitatem
576 1849 700 1906 nostram,
719 1849 834 1900 vincendi
852 1856 955 1908 causina

250 1923 318 1992 quod
334 1923 441 1989 pertinet
456 1922 486 1971 ad
501 1938 542 1971 eas
560 1922 660 1981 causas,
680 1921 811 1989 dequibus
828 1925 956 1986 judicium

251 1997 361 2047 futurum
372 1995 415 2046 est.
433 1993 545 2044 Alterum
555 2012 633 2063 genus
649 1996 791 2045 narrationis
806 1995 859 2054 est,
879 2002 956 2064 quod

180 2122 182 2124 ,
251 2067 394 2120 intercurrit
414 2085 593 2135 nonnumquam
611 2080 654 2118 aut
671 2066 728 2116 fidei
739 2101 751 2126 ,,
768 2079 810 2115 aut
830 2069 958 2125 erimina-

252 2142 327 2192 tionis
337 2156 398 2200 ‚aut
410 2141 559 2192 transitionis
570 2153 633 2199 ,aut
647 2139 749 2206 alicujus
763 2141 958 2206 apparationis,

251 2216 293 2266 vel
315 2216 459 2266 laudationis
481 2215 563 2267 causi.
593 2208 706 2265 Tertium
731 2229 806 2282 genus
832 2212 866 2262 est
896 2217 957 2278 id,

251 2289 349 2357 quoda
369 2290 437 2341 causa
457 2290 523 2340 civili
540 2301 661 2340 remotum
678 2287 712 2337 est
727 2304 734 2336 ι
752 2291 777 2336 in
795 2303 843 2352 quo
862 2300 957 2344 tamen

251 2364 364 2415 exerceri
381 2363 517 2422 convenit,
537 2361 585 2431 qud
605 2358 752 2414 commodiiis
769 2361 820 2410 iilas
838 2359 955 2429 superio·

251 2453 293 2490 res
308 2439 458 2488 narrationes
475 2438 501 2487 in
515 2438 594 2487 causis
610 2437 711 2486 tradiare
725 2435 853 2501 possimus.

260 2541 262 2544 ·
292 2525 336 2575 13.
357 2510 416 2574 Ejus
434 2510 578 2559 narrationis
594 2511 644 2558 duo
661 2509 714 2558 sunt
730 2523 839 2576 genera:
854 2525 952 2573 unum,

252 2584 319 2649 quod
333 2583 358 2631 in
368 2583 473 2650 negotiis
486 2599 496 2640 3
516 2584 640 2640 aiterum,
660 2581 725 2648 quod
739 2581 763 2629 in
777 2579 885 2647 personis
900 2603 953 2650 po.

253 2656 327 2708 situm
347 2654 390 2705 est.
421 2655 449 2704 ld
472 2655 538 2722 quod
561 2656 586 2704 in
610 2655 764 2722 negotiorum
790 2657 957 2720 expositione

253 2729 360 2796 positum
378 2728 430 2787 est,
451 2741 502 2779 tres
521 2729 594 2778 habet
611 2741 712 2795 partes,
731 2729 854 2788 fabulam,
874 2731 954 2782 histo·

253 2801 333 2863 riam,
352 2815 529 2871 argumentum.
550 2803 639 2852 Fabula
661 2803 713 2861 est,
731 2821 783 2868 quae
801 2819 883 2868 neque
903 2822 953 2855 ve·

254 2894 311 2937 ras,
326 2894 405 2945 neque
422 2876 563 2925 verisimiles
578 2877 688 2925 continet
702 2893 761 2935 res,
778 2890 804 2925 ut
819 2878 876 2936 hae,
894 2897 955 2944 quae

255 2952 379 3020 tragoediis
394 2950 488 3001 tradita:
505 2949 566 2998 sunt.
583 2949 686 2998 Historia
703 2950 735 2998 efl
750 2966 788 3000 res
805 2948 888 3016 gesta,
905 2954 954 3003 vsed

253 3025 385 3076 alteratis
403 3023 488 3074 nostrae
507 3022 623 3073 memorii
643 3037 746 3076 remota.
767 3023 955 3092 Argumentum
