<?xml version="1.0" encoding="UTF-8"?>
<!DOCTYPE html PUBLIC "-//W3C//DTD XHTML 1.0 Transitional//EN"
    "http://www.w3.org/TR/xhtml1/DTD/xhtml1-transitional.dtd">
<html xmlns="http://www.w3.org/1999/xhtml" xml:lang="en" lang="en">
 <head>
  <title>
</title>
<meta http-equiv="Content-Type" content="text/html;charset=utf-8" />
  <meta name='ocr-system' content='tesseract 3.04.00' />
  <meta name='ocr-capabilities' content='ocr_page ocr_carea ocr_par ocr_line ocrx_word'/>
</head>
<body>
  <div class='ocr_page' id='page_1' title='image "./mtulliiciceroni01lallgoog_0300.png"; bbox 0 0 2400 4067; ppageno 0'>
   <div class='ocr_carea' id='block_1_1' title="bbox 327 484 956 577">
    <p class='ocr_par' dir='ltr' id='par_1_1' title="bbox 327 484 956 577">
     <span class='ocr_line' id='line_1_1' title="bbox 327 484 956 577; baseline -0.005 -24"><span class='ocrx_word' id='word_1_1' title='bbox 327 484 405 577; x_wconf 76' lang='lat'>284</span> <span class='ocrx_word' id='word_1_2' title='bbox 453 488 526 555; x_wconf 71' lang='lat' dir='ltr'>Da</span> <span class='ocrx_word' id='word_1_3' title='bbox 552 488 886 557; x_wconf 73' lang='lat' dir='ltr'>Inranrronr</span> <span class='ocrx_word' id='word_1_4' title='bbox 950 523 956 540; x_wconf 72' lang='lat'><em>‚</em></span> 
     </span>
    </p>
   </div>
   <div class='ocr_carea' id='block_1_2' title="bbox 326 594 1014 1728">
    <p class='ocr_par' dir='ltr' id='par_1_2' title="bbox 326 594 1014 1486">
     <span class='ocr_line' id='line_1_2' title="bbox 326 594 1012 682; baseline 0.001 -25"><span class='ocrx_word' id='word_1_5' title='bbox 326 594 393 658; x_wconf 91' lang='lat' dir='ltr'>Vos</span> <span class='ocrx_word' id='word_1_6' title='bbox 408 617 506 661; x_wconf 89' lang='lat' dir='ltr'>tamen</span> <span class='ocrx_word' id='word_1_7' title='bbox 522 601 572 675; x_wconf 92' lang='lat' dir='ltr'>id,</span> <span class='ocrx_word' id='word_1_8' title='bbox 586 600 665 682; x_wconf 92' lang='lat' dir='ltr'>quod</span> <span class='ocrx_word' id='word_1_9' title='bbox 682 599 794 680; x_wconf 72' lang='lat' dir='ltr'>publice</span> <span class='ocrx_word' id='word_1_10' title='bbox 810 598 897 659; x_wconf 87' lang='lat' dir='ltr'>vobis</span> <span class='ocrx_word' id='word_1_11' title='bbox 915 596 1012 658; x_wconf 87' lang='lat' dir='ltr'>datum</span> 
     </span>
     <span class='ocr_line' id='line_1_3' title="bbox 326 678 1012 764; baseline -0.003 -24"><span class='ocrx_word' id='word_1_12' title='bbox 326 697 388 740; x_wconf 90' lang='lat' dir='ltr'>erat</span> <span class='ocrx_word' id='word_1_13' title='bbox 402 685 511 764; x_wconf 83' lang='lat' dir='ltr'>negotii</span> <span class='ocrx_word' id='word_1_14' title='bbox 525 728 533 757; x_wconf 91' lang='lat'>,</span> <span class='ocrx_word' id='word_1_15' title='bbox 553 680 695 741; x_wconf 87' lang='lat' dir='ltr'>conficere</span> <span class='ocrx_word' id='word_1_16' title='bbox 709 679 873 761; x_wconf 86' lang='lat' dir='ltr'>oportebat.</span> <span class='ocrx_word' id='word_1_17' title='bbox 894 678 1012 739; x_wconf 82' lang='lat' dir='ltr'>ludica-</span> 
     </span>
     <span class='ocr_line' id='line_1_4' title="bbox 326 757 1012 843; baseline 0.003 -25"><span class='ocrx_word' id='word_1_18' title='bbox 326 762 369 819; x_wconf 86' lang='lat' dir='ltr'>tio</span> <span class='ocrx_word' id='word_1_19' title='bbox 382 761 444 835; x_wconf 90' lang='lat' dir='ltr'>est,</span> <span class='ocrx_word' id='word_1_20' title='bbox 459 762 562 843; x_wconf 90' lang='lat' dir='ltr'>Quum</span> <span class='ocrx_word' id='word_1_21' title='bbox 572 765 606 821; x_wconf 89' lang='lat' dir='ltr'>iis</span> <span class='ocrx_word' id='word_1_22' title='bbox 618 808 628 836; x_wconf 92' lang='lat'>,</span> <span class='ocrx_word' id='word_1_23' title='bbox 639 762 687 843; x_wconf 93' lang='lat' dir='ltr'>qui</span> <span class='ocrx_word' id='word_1_24' title='bbox 700 762 787 843; x_wconf 81' lang='lat' dir='ltr'>legati</span> <span class='ocrx_word' id='word_1_25' title='bbox 799 776 903 834; x_wconf 85' lang='lat' dir='ltr'>erant,</span> <span class='ocrx_word' id='word_1_26' title='bbox 914 757 1012 840; x_wconf 78' lang='lat' dir='ltr'>sump-</span> 
     </span>
     <span class='ocr_line' id='line_1_5' title="bbox 328 840 1014 924; baseline 0.003 -25"><span class='ocrx_word' id='word_1_27' title='bbox 328 856 397 914; x_wconf 89' lang='lat' dir='ltr'>tus,</span> <span class='ocrx_word' id='word_1_28' title='bbox 420 846 468 924; x_wconf 89' lang='lat' dir='ltr'>qui</span> <span class='ocrx_word' id='word_1_29' title='bbox 487 844 523 903; x_wconf 90' lang='lat' dir='ltr'>de</span> <span class='ocrx_word' id='word_1_30' title='bbox 542 843 657 923; x_wconf 90' lang='lat' dir='ltr'>publico</span> <span class='ocrx_word' id='word_1_31' title='bbox 677 840 859 913; x_wconf 85' lang='lat' dir='ltr'>debebatur,</span> <span class='ocrx_word' id='word_1_32' title='bbox 886 861 949 900; x_wconf 83' lang='lat' dir='ltr'>non</span> <span class='ocrx_word' id='word_1_33' title='bbox 963 841 1014 901; x_wconf 71' lang='lat' dir='ltr'>da-</span> 
     </span>
     <span class='ocr_line' id='line_1_6' title="bbox 328 919 1012 1004; baseline 0.001 -24"><span class='ocrx_word' id='word_1_34' title='bbox 328 940 429 996; x_wconf 86' lang='lat' dir='ltr'>retur,</span> <span class='ocrx_word' id='word_1_35' title='bbox 451 927 647 1004; x_wconf 88' lang='lat' dir='ltr'>oportueritne</span> <span class='ocrx_word' id='word_1_36' title='bbox 668 943 719 983; x_wconf 89' lang='lat' dir='ltr'>eos</span> <span class='ocrx_word' id='word_1_37' title='bbox 741 919 885 981; x_wconf 84' lang='lat' dir='ltr'>conficere</span> <span class='ocrx_word' id='word_1_38' title='bbox 904 921 1012 981; x_wconf 91' lang='lat' dir='ltr'>nihilo-</span> 
     </span>
     <span class='ocr_line' id='line_1_7' title="bbox 327 1003 1011 1090; baseline 0.003 -31"><span class='ocrx_word' id='word_1_39' title='bbox 327 1003 421 1061; x_wconf 86' lang='lat' dir='ltr'><strong>minus</strong></span> <span class='ocrx_word' id='word_1_40' title='bbox 433 1003 617 1086; x_wconf 82' lang='lat' dir='ltr'>legationem.</span> <span class='ocrx_word' id='word_1_41' title='bbox 629 1003 695 1063; x_wconf 90' lang='lat' dir='ltr'>Hoc</span> <span class='ocrx_word' id='word_1_42' title='bbox 708 1005 738 1061; x_wconf 89' lang='lat' dir='ltr'>in</span> <span class='ocrx_word' id='word_1_43' title='bbox 751 1021 857 1085; x_wconf 77' lang='lat' dir='ltr'>genere</span> <span class='ocrx_word' id='word_1_44' title='bbox 870 1003 1011 1090; x_wconf 85' lang='lat' dir='ltr'>priminn,</span> 
     </span>
     <span class='ocr_line' id='line_1_8' title="bbox 328 1079 1014 1165; baseline 0.001 -25"><span class='ocrx_word' id='word_1_45' title='bbox 328 1084 398 1141; x_wconf 85' lang='lat' dir='ltr'>sicut</span> <span class='ocrx_word' id='word_1_46' title='bbox 409 1086 438 1141; x_wconf 89' lang='lat' dir='ltr'>in</span> <span class='ocrx_word' id='word_1_47' title='bbox 451 1087 572 1158; x_wconf 82' lang='lat' dir='ltr'>ceteris,</span> <span class='ocrx_word' id='word_1_48' title='bbox 588 1088 611 1144; x_wconf 92' lang='lat' dir='ltr'>si</span> <span class='ocrx_word' id='word_1_49' title='bbox 621 1079 689 1165; x_wconf 88' lang='lat' dir='ltr'>quid</span> <span class='ocrx_word' id='word_1_50' title='bbox 702 1100 750 1143; x_wconf 85' lang='lat' dir='ltr'>aut</span> <span class='ocrx_word' id='word_1_51' title='bbox 762 1102 798 1143; x_wconf 84' lang='lat' dir='ltr'>ex</span> <span class='ocrx_word' id='word_1_52' title='bbox 811 1080 1014 1161; x_wconf 70' lang='lat' dir='ltr'>conjeslurali,</span> 
     </span>
     <span class='ocr_line' id='line_1_9' title="bbox 329 1162 1013 1242; baseline 0.001 -21"><span class='ocrx_word' id='word_1_53' title='bbox 329 1178 376 1221; x_wconf 89' lang='lat' dir='ltr'>aut</span> <span class='ocrx_word' id='word_1_54' title='bbox 389 1183 426 1224; x_wconf 88' lang='lat' dir='ltr'>ex</span> <span class='ocrx_word' id='word_1_55' title='bbox 439 1164 493 1225; x_wconf 89' lang='lat' dir='ltr'>alia</span> <span class='ocrx_word' id='word_1_56' title='bbox 511 1164 713 1225; x_wconf 88' lang='lat' dir='ltr'>constitutione</span> <span class='ocrx_word' id='word_1_57' title='bbox 731 1162 803 1223; x_wconf 90' lang='lat' dir='ltr'>sumi</span> <span class='ocrx_word' id='word_1_58' title='bbox 824 1163 940 1242; x_wconf 79' lang='lat' dir='ltr'>possit,</span> <span class='ocrx_word' id='word_1_59' title='bbox 965 1165 1013 1222; x_wconf 91' lang='lat' dir='ltr'>vi-</span> 
     </span>
     <span class='ocr_line' id='line_1_10' title="bbox 331 1242 1013 1325; baseline 0.001 -24"><span class='ocrx_word' id='word_1_60' title='bbox 331 1242 391 1301; x_wconf 91' lang='lat' dir='ltr'>deri</span> <span class='ocrx_word' id='word_1_61' title='bbox 408 1245 563 1324; x_wconf 88' lang='lat' dir='ltr'>oportebit.</span> <span class='ocrx_word' id='word_1_62' title='bbox 584 1244 702 1305; x_wconf 88' lang='lat' dir='ltr'>Deinde</span> <span class='ocrx_word' id='word_1_63' title='bbox 720 1246 858 1325; x_wconf 88' lang='lat' dir='ltr'>pleraque</span> <span class='ocrx_word' id='word_1_64' title='bbox 871 1263 908 1304; x_wconf 85' lang='lat' dir='ltr'>ex</span> <span class='ocrx_word' id='word_1_65' title='bbox 926 1263 1013 1302; x_wconf 87' lang='lat' dir='ltr'>com-</span> 
     </span>
     <span class='ocr_line' id='line_1_11' title="bbox 330 1323 1012 1403; baseline 0.004 -21"><span class='ocrx_word' id='word_1_66' title='bbox 330 1327 498 1403; x_wconf 89' lang='lat' dir='ltr'>paratione,</span> <span class='ocrx_word' id='word_1_67' title='bbox 513 1326 545 1384; x_wconf 89' lang='lat'>&amp;</span> <span class='ocrx_word' id='word_1_68' title='bbox 559 1346 596 1386; x_wconf 88' lang='lat' dir='ltr'>ex</span> <span class='ocrx_word' id='word_1_69' title='bbox 610 1326 748 1385; x_wconf 82' lang='lat' dir='ltr'>relatione</span> <span class='ocrx_word' id='word_1_70' title='bbox 762 1324 887 1383; x_wconf 87' lang='lat' dir='ltr'>criminis</span> <span class='ocrx_word' id='word_1_71' title='bbox 896 1325 928 1381; x_wconf 90' lang='lat' dir='ltr'>in</span> <span class='ocrx_word' id='word_1_72' title='bbox 940 1323 1012 1384; x_wconf 84' lang='lat' dir='ltr'>banc</span> 
     </span>
     <span class='ocr_line' id='line_1_12' title="bbox 330 1405 915 1486; baseline 0 -24"><span class='ocrx_word' id='word_1_73' title='bbox 330 1424 389 1486; x_wconf 90' lang='lat' dir='ltr'>quo</span> <span class='ocrx_word' id='word_1_74' title='bbox 429 1426 445 1466; x_wconf 91' lang='lat' dir='ltr'>e</span> <span class='ocrx_word' id='word_1_75' title='bbox 463 1405 575 1466; x_wconf 82' lang='lat' dir='ltr'>causam</span> <span class='ocrx_word' id='word_1_76' title='bbox 589 1408 747 1467; x_wconf 87' lang='lat' dir='ltr'>convenire</span> <span class='ocrx_word' id='word_1_77' title='bbox 764 1419 915 1486; x_wconf 80' lang='lat' dir='ltr'>poterunt.</span> 
     </span>
    </p>

    <p class='ocr_par' dir='ltr' id='par_1_3' title="bbox 330 1426 1014 1728">
     <span class='ocr_line' id='line_1_13' title="bbox 373 1426 1013 1566; baseline 0.002 -21"><span class='ocrx_word' id='word_1_78' title='bbox 373 1426 428 1546; x_wconf 55' lang='lat' dir='ltr'>gqu</span> <span class='ocrx_word' id='word_1_79' title='bbox 441 1486 596 1547; x_wconf 84' lang='lat' dir='ltr'>Accusator</span> <span class='ocrx_word' id='word_1_80' title='bbox 609 1503 705 1547; x_wconf 89' lang='lat' dir='ltr'>autern</span> <span class='ocrx_word' id='word_1_81' title='bbox 719 1486 819 1557; x_wconf 87' lang='lat' dir='ltr'>illum,</span> <span class='ocrx_word' id='word_1_82' title='bbox 838 1480 920 1565; x_wconf 77' lang='lat' dir='ltr'>cujus</span> <span class='ocrx_word' id='word_1_83' title='bbox 932 1484 1013 1566; x_wconf 73' lang='lat' dir='ltr'>culpi</span> 
     </span>
     <span class='ocr_line' id='line_1_14' title="bbox 330 1564 1014 1647; baseline 0.001 -23"><span class='ocrx_word' id='word_1_84' title='bbox 330 1564 361 1624; x_wconf 91' lang='lat' dir='ltr'>id</span> <span class='ocrx_word' id='word_1_85' title='bbox 380 1566 486 1627; x_wconf 63' lang='lat' dir='ltr'>fabium</span> <span class='ocrx_word' id='word_1_86' title='bbox 499 1590 563 1628; x_wconf 86' lang='lat' dir='ltr'>reus</span> <span class='ocrx_word' id='word_1_87' title='bbox 580 1568 655 1628; x_wconf 84' lang='lat' dir='ltr'>dicet</span> <span class='ocrx_word' id='word_1_88' title='bbox 671 1613 679 1641; x_wconf 89' lang='lat'><strong>‚</strong></span> <span class='ocrx_word' id='word_1_89' title='bbox 702 1568 839 1647; x_wconf 66' lang='lat' dir='ltr'>primbm‘</span> <span class='ocrx_word' id='word_1_90' title='bbox 851 1564 1014 1639; x_wconf 86' lang='lat' dir='ltr'>defendet,</span> 
     </span>
     <span class='ocr_line' id='line_1_15' title="bbox 332 1646 1014 1728; baseline 0.004 -25"><span class='ocrx_word' id='word_1_91' title='bbox 332 1648 356 1703; x_wconf 85' lang='lat' dir='ltr'>si</span> <span class='ocrx_word' id='word_1_92' title='bbox 372 1651 497 1727; x_wconf 88' lang='lat' dir='ltr'>poterit:</span> <span class='ocrx_word' id='word_1_93' title='bbox 516 1652 558 1708; x_wconf 87' lang='lat' dir='ltr'>sin</span> <span class='ocrx_word' id='word_1_94' title='bbox 573 1651 665 1708; x_wconf 85' lang='lat' dir='ltr'>minbs</span> <span class='ocrx_word' id='word_1_95' title='bbox 700 1649 784 1706; x_wconf 89' lang='lat' dir='ltr'>oterit</span> <span class='ocrx_word' id='word_1_96' title='bbox 797 1690 807 1719; x_wconf 94' lang='lat'>,</span> <span class='ocrx_word' id='word_1_97' title='bbox 822 1647 960 1728; x_wconf 84' lang='lat' dir='ltr'>negabit,</span> <span class='ocrx_word' id='word_1_98' title='bbox 978 1646 1014 1706; x_wconf 86' lang='lat' dir='ltr'>ad</span> 
     </span>
    </p>
   </div>
   <div class='ocr_carea' id='block_1_3' title="bbox 332 1670 1016 2109">
    <p class='ocr_par' dir='ltr' id='par_1_4' title="bbox 332 1670 1016 2109">
     <span class='ocr_line' id='line_1_16' title="bbox 332 1670 1016 1808; baseline 0.006 -24"><span class='ocrx_word' id='word_1_99' title='bbox 332 1725 390 1786; x_wconf 89' lang='lat' dir='ltr'>boc</span> <span class='ocrx_word' id='word_1_100' title='bbox 401 1726 557 1808; x_wconf 84' lang='lat' dir='ltr'>judicium,</span> <span class='ocrx_word' id='word_1_101' title='bbox 570 1730 663 1802; x_wconf 84' lang='lat' dir='ltr'>illius,</span> <span class='ocrx_word' id='word_1_102' title='bbox 676 1670 726 1788; x_wconf 58' lang='lat' dir='ltr'>ped</span> <span class='ocrx_word' id='word_1_103' title='bbox 739 1724 842 1806; x_wconf 80' lang='lat' dir='ltr'>hujus,</span> <span class='ocrx_word' id='word_1_104' title='bbox 855 1743 944 1807; x_wconf 90' lang='lat' dir='ltr'>quern</span> <span class='ocrx_word' id='word_1_105' title='bbox 956 1724 1016 1807; x_wconf 87' lang='lat' dir='ltr'>ipse</span> 
     </span>
     <span class='ocr_line' id='line_1_17' title="bbox 333 1804 1015 1890; baseline 0.004 -26"><span class='ocrx_word' id='word_1_106' title='bbox 333 1807 467 1882; x_wconf 77' lang='lat' dir='ltr'>accuset,</span> <span class='ocrx_word' id='word_1_107' title='bbox 489 1811 603 1890; x_wconf 85' lang='lat' dir='ltr'>culpam</span> <span class='ocrx_word' id='word_1_108' title='bbox 625 1812 776 1890; x_wconf 86' lang='lat' dir='ltr'>pertinere.</span> <span class='ocrx_word' id='word_1_109' title='bbox 796 1804 900 1867; x_wconf 87' lang='lat' dir='ltr'>Postea</span> <span class='ocrx_word' id='word_1_110' title='bbox 918 1806 1015 1882; x_wconf 83' lang='lat' dir='ltr'>dicet,</span> 
     </span>
     <span class='ocr_line' id='line_1_18' title="bbox 332 1885 1016 1969; baseline 0.006 -24"><span class='ocrx_word' id='word_1_111' title='bbox 332 1885 393 1948; x_wconf 88' lang='lat' dir='ltr'>Suo</span> <span class='ocrx_word' id='word_1_112' title='bbox 407 1910 550 1969; x_wconf 86' lang='lat' dir='ltr'>quemque</span> <span class='ocrx_word' id='word_1_113' title='bbox 569 1888 666 1949; x_wconf 87' lang='lat' dir='ltr'>officio</span> <span class='ocrx_word' id='word_1_114' title='bbox 684 1887 829 1949; x_wconf 86' lang='lat' dir='ltr'>consulere</span> <span class='ocrx_word' id='word_1_115' title='bbox 853 1904 1016 1969; x_wconf 80' lang='lat' dir='ltr'>oporteret</span> 
     </span>
     <span class='ocr_line' id='line_1_19' title="bbox 332 1966 1015 2109; baseline 0.003 -82"><span class='ocrx_word' id='word_1_116' title='bbox 332 1988 407 2043; x_wconf 89' lang='lat' dir='ltr'>nec,</span> <span class='ocrx_word' id='word_1_117' title='bbox 423 1973 446 2028; x_wconf 90' lang='lat' dir='ltr'>si</span> <span class='ocrx_word' id='word_1_118' title='bbox 454 1970 502 2030; x_wconf 92' lang='lat' dir='ltr'>ille</span> <span class='ocrx_word' id='word_1_119' title='bbox 511 1967 673 2109; x_wconf 75' lang='lat' dir='ltr'>peccasset,</span> <span class='ocrx_word' id='word_1_120' title='bbox 691 1971 767 2030; x_wconf 88' lang='lat' dir='ltr'>hunc</span> <span class='ocrx_word' id='word_1_121' title='bbox 777 1966 933 2049; x_wconf 81' lang='lat' dir='ltr'>oportuisse</span> <span class='ocrx_word' id='word_1_122' title='bbox 947 1989 1015 2050; x_wconf 89' lang='lat' dir='ltr'>pec-</span> 
     </span>
    </p>
   </div>
   <div class='ocr_carea' id='block_1_4' title="bbox 299 2047 1063 3102">
    <p class='ocr_par' dir='ltr' id='par_1_5' title="bbox 333 2047 1017 2130">
     <span class='ocr_line' id='line_1_20' title="bbox 333 2047 1017 2130; baseline 0.006 -24"><span class='ocrx_word' id='word_1_123' title='bbox 333 2069 408 2110; x_wconf 86' lang='lat' dir='ltr'>care.</span> <span class='ocrx_word' id='word_1_124' title='bbox 429 2049 509 2110; x_wconf 90' lang='lat' dir='ltr'>Dein</span> <span class='ocrx_word' id='word_1_125' title='bbox 531 2053 589 2112; x_wconf 84' lang='lat' dir='ltr'>esi</span> <span class='ocrx_word' id='word_1_126' title='bbox 604 2051 653 2112; x_wconf 91' lang='lat' dir='ltr'>ille</span> <span class='ocrx_word' id='word_1_127' title='bbox 673 2050 729 2110; x_wconf 87' lang='lat' dir='ltr'>deli</span> <span class='ocrx_word' id='word_1_128' title='bbox 769 2053 843 2122; x_wconf 88' lang='lat' dir='ltr'>erit,</span> <span class='ocrx_word' id='word_1_129' title='bbox 865 2047 1017 2130; x_wconf 88' lang='lat' dir='ltr'>separatim</span> 
     </span>
    </p>

    <p class='ocr_par' dir='ltr' id='par_1_6' title="bbox 333 2072 1019 2615">
     <span class='ocr_line' id='line_1_21' title="bbox 333 2072 1017 2210; baseline 0.004 -22"><span class='ocrx_word' id='word_1_130' title='bbox 333 2130 437 2205; x_wconf 90' lang='lat' dir='ltr'>illum,</span> <span class='ocrx_word' id='word_1_131' title='bbox 460 2135 531 2191; x_wconf 88' lang='lat' dir='ltr'>sicut</span> <span class='ocrx_word' id='word_1_132' title='bbox 549 2133 644 2205; x_wconf 88' lang='lat' dir='ltr'>hunc,</span> <span class='ocrx_word' id='word_1_133' title='bbox 666 2072 783 2191; x_wconf 61' lang='lat' dir='ltr'>accusrlri</span> <span class='ocrx_word' id='word_1_134' title='bbox 800 2143 962 2210; x_wconf 80' lang='lat' dir='ltr'>oportere,</span> <span class='ocrx_word' id='word_1_135' title='bbox 985 2132 1017 2191; x_wconf 69' lang='grc' dir='ltr'>ὅ(</span> 
     </span>
     <span class='ocr_line' id='line_1_22' title="bbox 333 2208 1018 2293; baseline 0 -22"><span class='ocrx_word' id='word_1_136' title='bbox 333 2233 394 2271; x_wconf 85' lang='lat' dir='ltr'>non</span> <span class='ocrx_word' id='word_1_137' title='bbox 413 2234 479 2271; x_wconf 87' lang='lat' dir='ltr'>cum</span> <span class='ocrx_word' id='word_1_138' title='bbox 497 2211 579 2291; x_wconf 79' lang='lat' dir='ltr'>hujus</span> <span class='ocrx_word' id='word_1_139' title='bbox 599 2212 769 2273; x_wconf 86' lang='lat' dir='ltr'>defensione</span> <span class='ocrx_word' id='word_1_140' title='bbox 789 2208 926 2293; x_wconf 80' lang='lat' dir='ltr'>conjungi</span> <span class='ocrx_word' id='word_1_141' title='bbox 942 2211 1018 2271; x_wconf 87' lang='lat' dir='ltr'>illius</span> 
     </span>
     <span class='ocr_line' id='line_1_23' title="bbox 333 2292 1018 2371; baseline 0.003 -21"><span class='ocrx_word' id='word_1_142' title='bbox 333 2292 550 2354; x_wconf 87' lang='lat' dir='ltr'>accusationem.</span> <span class='ocrx_word' id='word_1_143' title='bbox 572 2292 720 2353; x_wconf 85' lang='lat' dir='ltr'>Defensor</span> <span class='ocrx_word' id='word_1_144' title='bbox 739 2309 834 2351; x_wconf 86' lang='lat' dir='ltr'>autem</span> <span class='ocrx_word' id='word_1_145' title='bbox 855 2312 945 2371; x_wconf 89' lang='lat' dir='ltr'>quum</span> <span class='ocrx_word' id='word_1_146' title='bbox 966 2313 1018 2352; x_wconf 85' lang='lat' dir='ltr'>ce-</span> 
     </span>
     <span class='ocr_line' id='line_1_24' title="bbox 333 2369 1017 2456; baseline 0 -25"><span class='ocrx_word' id='word_1_147' title='bbox 333 2390 415 2449; x_wconf 86' lang='lat' dir='ltr'>tera,</span> <span class='ocrx_word' id='word_1_148' title='bbox 433 2377 456 2433; x_wconf 90' lang='lat' dir='ltr'>si</span> <span class='ocrx_word' id='word_1_149' title='bbox 468 2382 524 2456; x_wconf 89' lang='lat' dir='ltr'>qua</span> <span class='ocrx_word' id='word_1_150' title='bbox 537 2396 572 2435; x_wconf 87' lang='lat' dir='ltr'>ex</span> <span class='ocrx_word' id='word_1_151' title='bbox 590 2374 650 2434; x_wconf 83' lang='lat' dir='ltr'>aliis</span> <span class='ocrx_word' id='word_1_152' title='bbox 662 2373 788 2433; x_wconf 90' lang='lat' dir='ltr'>incident</span> <span class='ocrx_word' id='word_1_153' title='bbox 808 2369 1017 2431; x_wconf 87' lang='lat' dir='ltr'>constitutioni-</span> 
     </span>
     <span class='ocr_line' id='line_1_25' title="bbox 334 2452 1019 2536; baseline 0.001 -24"><span class='ocrx_word' id='word_1_154' title='bbox 334 2454 411 2528; x_wconf 88' lang='lat' dir='ltr'>bus,</span> <span class='ocrx_word' id='word_1_155' title='bbox 435 2454 632 2535; x_wconf 63' lang='lat' dir='ltr'>pertractarit,</span> <span class='ocrx_word' id='word_1_156' title='bbox 657 2455 695 2515; x_wconf 93' lang='lat' dir='ltr'>de</span> <span class='ocrx_word' id='word_1_157' title='bbox 712 2452 771 2536; x_wconf 88' lang='lat' dir='ltr'>ipsa</span> <span class='ocrx_word' id='word_1_158' title='bbox 792 2456 956 2515; x_wconf 86' lang='lat' dir='ltr'>remotione</span> <span class='ocrx_word' id='word_1_159' title='bbox 978 2456 1019 2513; x_wconf 86' lang='lat' dir='ltr'>sic</span> 
     </span>
     <span class='ocr_line' id='line_1_26' title="bbox 333 2537 586 2615; baseline 0.008 -22"><span class='ocrx_word' id='word_1_160' title='bbox 333 2537 586 2615; x_wconf 84' lang='lat' dir='ltr'>argumentabitur.</span> 
     </span>
    </p>

    <p class='ocr_par' dir='ltr' id='par_1_7' title="bbox 299 2612 1063 3102">
     <span class='ocr_line' id='line_1_27' title="bbox 299 2612 1020 2695; baseline 0.006 -23"><span class='ocrx_word' id='word_1_161' title='bbox 299 2632 303 2640; x_wconf 83' lang='lat'>&#39;</span> <span class='ocrx_word' id='word_1_162' title='bbox 377 2613 426 2691; x_wconf 88' lang='grc'>89.</span> <span class='ocrx_word' id='word_1_163' title='bbox 444 2614 571 2673; x_wconf 77' lang='lat' dir='ltr'>Primum</span> <span class='ocrx_word' id='word_1_164' title='bbox 590 2612 670 2693; x_wconf 83' lang='lat' dir='ltr'>cujus</span> <span class='ocrx_word' id='word_1_165' title='bbox 687 2613 819 2675; x_wconf 81' lang='lat' dir='ltr'>acciderit</span> <span class='ocrx_word' id='word_1_166' title='bbox 836 2614 940 2695; x_wconf 70' lang='lat' dir='ltr'>culpi,</span> <span class='ocrx_word' id='word_1_167' title='bbox 963 2615 1020 2676; x_wconf 82' lang='lat' dir='ltr'>de-</span> 
     </span>
     <span class='ocr_line' id='line_1_28' title="bbox 335 2691 1019 2775; baseline 0.003 -22"><span class='ocrx_word' id='word_1_168' title='bbox 335 2691 511 2755; x_wconf 87' lang='lat' dir='ltr'>monstrabit.</span> <span class='ocrx_word' id='word_1_169' title='bbox 525 2692 664 2767; x_wconf 88' lang='lat' dir='ltr'>Deinde,</span> <span class='ocrx_word' id='word_1_170' title='bbox 722 2716 771 2755; x_wconf 93' lang='lat' dir='ltr'>um</span> <span class='ocrx_word' id='word_1_171' title='bbox 783 2694 814 2753; x_wconf 91' lang='lat' dir='ltr'>id</span> <span class='ocrx_word' id='word_1_172' title='bbox 826 2694 920 2754; x_wconf 74' lang='lat' dir='ltr'>aliend</span> <span class='ocrx_word' id='word_1_173' title='bbox 935 2695 1019 2775; x_wconf 72' lang='lat' dir='ltr'>culpi</span> 
     </span>
     <span class='ocr_line' id='line_1_29' title="bbox 336 2717 1063 2854; baseline 0.003 -21"><span class='ocrx_word' id='word_1_174' title='bbox 336 2771 503 2848; x_wconf 85' lang='lat' dir='ltr'>accidisset,</span> <span class='ocrx_word' id='word_1_175' title='bbox 529 2774 660 2836; x_wconf 87' lang='lat' dir='ltr'>ostendet</span> <span class='ocrx_word' id='word_1_176' title='bbox 679 2717 721 2835; x_wconf 58' lang='lat' dir='ltr'>seu</span> <span class='ocrx_word' id='word_1_177' title='bbox 726 2790 773 2835; x_wconf 90' lang='lat' dir='ltr'>aut</span> <span class='ocrx_word' id='word_1_178' title='bbox 791 2794 852 2833; x_wconf 88' lang='lat' dir='ltr'>non</span> <span class='ocrx_word' id='word_1_179' title='bbox 871 2773 1018 2854; x_wconf 85' lang='lat' dir='ltr'>potuisse,</span> <span class='ocrx_word' id='word_1_180' title='bbox 1058 2784 1063 2793; x_wconf 92' lang='grc'><em>“</em></span> 
     </span>
     <span class='ocr_line' id='line_1_30' title="bbox 336 2852 1023 2935; baseline -0.006 -17"><span class='ocrx_word' id='word_1_181' title='bbox 336 2870 384 2918; x_wconf 83' lang='lat' dir='ltr'>aut</span> <span class='ocrx_word' id='word_1_182' title='bbox 397 2874 458 2913; x_wconf 90' lang='lat' dir='ltr'>non</span> <span class='ocrx_word' id='word_1_183' title='bbox 472 2855 597 2917; x_wconf 81' lang='lat' dir='ltr'>debuisse</span> <span class='ocrx_word' id='word_1_184' title='bbox 606 2858 635 2916; x_wconf 94' lang='lat' dir='ltr'>id</span> <span class='ocrx_word' id='word_1_185' title='bbox 648 2854 762 2929; x_wconf 90' lang='lat' dir='ltr'>facere,</span> <span class='ocrx_word' id='word_1_186' title='bbox 781 2854 862 2935; x_wconf 91' lang='lat' dir='ltr'>quod</span> <span class='ocrx_word' id='word_1_187' title='bbox 875 2852 1023 2916; x_wconf 87' lang='lat' dir='ltr'>accusator</span> 
     </span>
     <span class='ocr_line' id='line_1_31' title="bbox 338 2934 1018 3016; baseline -0.001 -20"><span class='ocrx_word' id='word_1_188' title='bbox 338 2934 413 2996; x_wconf 88' lang='lat' dir='ltr'>dicar</span> <span class='ocrx_word' id='word_1_189' title='bbox 430 2935 592 3015; x_wconf 79' lang='lat' dir='ltr'>oportuisse.</span> <span class='ocrx_word' id='word_1_190' title='bbox 620 2935 712 3016; x_wconf 86' lang='lat' dir='ltr'>Qubd</span> <span class='ocrx_word' id='word_1_191' title='bbox 731 2956 792 2994; x_wconf 91' lang='lat' dir='ltr'>non</span> <span class='ocrx_word' id='word_1_192' title='bbox 809 2939 959 3015; x_wconf 85' lang='lat' dir='ltr'>potuerit,</span> <span class='ocrx_word' id='word_1_193' title='bbox 983 2957 1018 2997; x_wconf 86' lang='lat' dir='ltr'>ex</span> 
     </span>
     <span class='ocr_line' id='line_1_32' title="bbox 338 3014 1023 3102; baseline 0.009 -24"><span class='ocrx_word' id='word_1_194' title='bbox 338 3014 461 3078; x_wconf 83' lang='lat' dir='ltr'>utilitatis</span> <span class='ocrx_word' id='word_1_195' title='bbox 478 3019 628 3102; x_wconf 81' lang='lat' dir='ltr'>partibus,</span> <span class='ocrx_word' id='word_1_196' title='bbox 647 3020 677 3080; x_wconf 90' lang='lat' dir='ltr'>in</span> <span class='ocrx_word' id='word_1_197' title='bbox 692 3016 792 3101; x_wconf 87' lang='lat' dir='ltr'>quibus</span> <span class='ocrx_word' id='word_1_198' title='bbox 806 3014 847 3082; x_wconf 90' lang='lat' dir='ltr'>est</span> <span class='ocrx_word' id='word_1_199' title='bbox 862 3019 1023 3083; x_wconf 80' lang='lat' dir='ltr'>necessitu-</span> 
     </span>
    </p>
   </div>
   <div class='ocr_carea' id='block_1_5' title="bbox 225 3187 444 3409">
    <p class='ocr_par' dir='ltr' id='par_1_8' title="bbox 219 3187 444 3410">
     <span class='ocr_line' id='line_1_33' title="bbox 225 3187 444 3409; baseline 0 -93"><span class='ocrx_word' id='word_1_200' title='bbox 225 3187 444 3409; x_wconf 40' lang='grc' dir='ltr'>ἢ·</span> 
     </span>
    </p>
   </div>
   <div class='ocr_carea' id='block_1_6' title="bbox 0 0 1225 4067">
    <p class='ocr_par' dir='ltr' id='par_1_9' title="bbox 0 0 1225 4067">
     <span class='ocr_line' id='line_1_34' title="bbox 0 0 1225 4067; baseline 0 0"><span class='ocrx_word' id='word_1_201' title='bbox 0 0 1225 4067; x_wconf 95' lang='lat' dir='ltr'> </span> 
     </span>
    </p>
   </div>
  </div>
 </body>
</html>
