2400 4067
450 488 770 559 Onnroxrra.
871 513 940 585 34¹
992 582 1000 591 .

263 605 314 686 qui
327 601 424 677 audit,
441 620 488 662 aut
505 602 697 683 disceptator,
711 604 742 662 id
754 602 814 678 est,
831 606 872 665 rei
883 605 946 666 sen·

262 686 421 765 tentiaeque
432 684 617 744 moderator:
636 686 695 758 ita,
715 701 746 743 ut
756 701 805 744 aut
817 683 944 747 deleue-

262 780 330 837 tur‚
349 781 398 824 aut
409 762 512 824 statuat
523 763 640 844 aliquid.
665 763 769 825 Statuit
781 781 878 825 autem
895 783 944 827 ant

263 844 303 905 de
321 847 493 923 praeteritis,
513 862 545 904 ut
564 841 675 922 judex:
698 862 745 905 aut
763 846 800 907 de
822 845 942 921 futuris,

261 941 294 985 ut
311 922 434 986 senatus.
463 924 510 986 Sic
528 927 582 984 tria
600 923 664 984 sum
682 946 807 1008 genera,
824 923 944 1005 judicii,

263 1005 497 1079 deliberationis,
516 1008 732 1078 exornationis,
752 1029 815 1089 quae
832 1010 899 1089 quia
912 1010 942 1068 in

261 1086 443 1147 laudationes
462 1088 586 1146 maxime
602 1087 771 1163 confertur,
792 1090 942 1171 proprium

262 1167 353 1227 habet
366 1165 425 1246 jam
439 1187 475 1227 ex
487 1188 525 1229 eo
540 1187 659 1228 nomen.

302 1246 359 1307 IV.
376 1247 502 1308 Fusus.
519 1247 603 1328 Quas
622 1267 668 1308 res
686 1249 740 1309 sibi
750 1267 900 1331 proponet
910 1253 940 1311 in

259 1325 320 1387 istis
330 1329 419 1388 tribus
431 1330 583 1411 generibus
596 1329 716 1390 orator?
735 1329 856 1391 Patren.
876 1330 942 1392 De-

260 1407 447 1470 ledationem
464 1412 494 1469 in
516 1411 730 1470 exornatione:
757 1412 787 1470 in
808 1409 940 1490 judicio,

260 1505 312 1550 aut
329 1488 488 1562 saevitiam,
509 1507 558 1549 aut
569 1490 755 1549 clementiam
765 1488 888 1569 judicis:
909 1496 940 1552 in

259 1568 392 1633 suasione
402 1588 519 1644 autem,
533 1587 581 1630 aut
591 1569 691 1651 spem,
708 1586 757 1629 aut
767 1568 940 1632 reformida-

259 1653 373 1713 tionem
394 1650 588 1713 deliberantis.
619 1650 746 1711 Frtrus.
772 1649 834 1712 Cur
854 1654 940 1735 igitur

260 1735 383 1812 exponis
392 1732 451 1791 hoc
461 1732 530 1792 loco
540 1752 647 1814 genera
657 1735 939 1797 controversiarum?

255 1811 383 1873 -ΡΑτεκ,
407 1812 451 1872 Ut
466 1816 609 1874 rationem
627 1813 790 1874 collocandi
802 1812 938 1876 adfinem

259 1891 395 1975 cujusque
407 1894 639 1954 accommodem.

306 1993 351 2034 12.
373 1974 498 2035 Frnrus.
522 1975 663 2055 Quonam
678 1975 936 2056 tandem-modo?

256 2053 380 2116 PATER.
402 2054 501 2135 Quia,
523 2056 624 2138 quibus
640 2058 669 2114 in
688 2059 864 2118 orationibus
884 2058 937 2119 de·

258 2135 375 2213 ledatio
389 2135 452 2196 finis
469 2134 530 2210 est,
548 2138 620 2196 varii
630 2135 692 2196 sunt
705 2137 820 2197 ordines
836 2138 935 2199 collo-

254 2217 353 2278 candi.
375 2217 453 2277 Nam
463 2233 511 2276 aut
521 2234 687 2297 temporum
706 2217 853 2278 servantur
868 2240 937 2301 gra-

253 2296 330 2370 dus,
343 2317 392 2359 aut
404 2317 543 2381 generum
555 2296 784 2371 distributiones,
799 2314 872 2358 auta
883 2303 938 2360 mi·

255 2379 377 2440 notibus
390 2380 426 2440 ad
438 2376 549 2457 majora
558 2377 756 2437 adscendimus
766 2422 774 2451 ‚
786 2394 834 2436 aut
846 2399 935 2439 ama-

255 2456 368 2539 joribus
382 2461 419 2519 ad
432 2461 544 2519 minora
553 2459 729 2532 delabimur,
741 2474 790 2518 aut
800 2458 861 2518 haec
870 2461 937 2521 inae·

255 2540 365 2620 quabili
371 2541 511 2602 varietate
522 2538 735 2632 distinguimus,
746 2560 835 2622 quum
845 2562 935 2622 parva

255 2622 391 2703 magnis,
408 2621 545 2702 simplicia
560 2620 719 2702 conjundlis
732 2667 742 2690 ,
756 2619 875 2680 obscura
888 2623 935 2681 di-

254 2701 374 2774 lucidis,
391 2700 457 2761 laeta
472 2701 612 2776 tristibus,
633 2701 811 2761 incredibilia
828 2704 934 2782 proba-

253 2780 360 2840 bilibus
378 2781 552 2856 inteximus,
576 2805 640 2865 quae
661 2785 690 2842 in
711 2786 932 2844 exornationem

255 2859 364 2917 cadunt
374 2862 482 2918 omnia.

302 2935 592 3016 13.F11.1us.Quut
605 2944 634 2998 in
645 2941 852 3000 deliberatione
865 2943 933 3020 quid

253 3017 383 3103 spedas?
401 3016 520 3083 PATER.
533 3018 693 3101 Principia,
704 3022 753 3082 vel
760 3021 934 3160 {ORlOssgsss

802 3122 830 3183 ιι]
