2400 4067
261 510 308 564 12
370 492 834 563 Rnnronrconunr

294 625 338 675 ις.
359 609 422 661 Rem
443 607 548 661 dilucide
572 608 737 663 narrabimus,
762 606 804 664 si,
828 616 857 655 ut
876 602 954 671 quid·

252 701 303 752 que
325 683 426 752 primdm
448 683 538 753 gestum
561 682 628 742 erit,
655 681 689 732 ita
709 678 810 748 primum
832 695 952 746 expone·

252 775 328 820 mus,
350 759 377 811 δι
395 775 474 810 rerum
491 774 519 807 ac
534 769 672 822 temporum
688 755 797 805 ordinem
813 753 951 803 conserva·

253 832 354 891 bimus,
371 844 398 882 ut
415 832 484 900 gesta
502 847 542 881 res
560 842 649 888 erunt,
670 840 711 879 aut
726 840 755 879 ut
771 825 873 892 potuille
894 826 952 894 geri

251 906 409 956 videbuntur.
435 904 485 954 Hic
511 905 557 954 erit
581 902 806 959 considerandum,
827 917 860 950 ne
890 900 952 967 quid

252 978 412 1045 perturbatd,
429 995 460 1028 ne
477 976 532 1044 quid
549 974 681 1034 contorti,
696 992 727 1025 ne
744 974 801 1043 quid
817 973 954 1042 ambigue,

253 1068 287 1102 ne
306 1051 364 1119 quid
381 1051 445 1101 nove
465 1053 591 1109 dicamus,
616 1066 647 1100 ne
672 1067 741 1116 quarn
760 1047 785 1098 in
803 1048 873 1096 aliam
894 1065 951 1098 rem

252 1127 419 1184 transeamus,
440 1141 471 1174 ne
490 1125 520 1174 ab
538 1125 624 1174 ultimo
639 1135 799 1189 repetamus,
819 1137 851 1170 ne
870 1120 952 1191 longe

251 1198 441 1266 persequamur,
461 1214 492 1248 ne
510 1197 587 1262 quid,
606 1196 672 1264 quod
686 1197 717 1245 ad
733 1212 785 1245 rem
801 1194 953 1261 pertineat,

252 1283 447 1339 praetereamusr
466 1271 492 1321 δι
510 1271 531 1321 si
547 1270 676 1337 sequemur
690 1287 740 1329 ea,
763 1286 816 1337 qnae
836 1268 867 1318 de
887 1269 954 1319 bre·

251 1345 331 1396 vitate
350 1358 471 1413 praecepta
488 1345 542 1396 sunt
558 1362 566 1396 z
584 1341 704 1411 namqui>
723 1344 841 1401 brevior,
859 1339 892 1393 ed
914 1342 953 1394 di-

251 1419 356 1471 lucidior
374 1420 400 1470 &
415 1420 515 1488 cognitu
532 1419 628 1470 facilior
642 1418 747 1470 narratio
762 1415 815 1468 fiet.

293 1493 336 1544 16.
362 1494 507 1547 verisimilis
531 1493 638 1542 narratio
660 1492 731 1549 erit,
756 1490 796 1548 si,
821 1500 848 1539 ut
869 1506 934 1542 mos.
941 1522 952 1552 ,

251 1577 281 1616 ut
296 1567 400 1635 opinio,
417 1580 445 1618 ut
461 1579 545 1616 natura
563 1564 686 1632 postulat,
705 1564 831 1620 dicemus;
852 1563 874 1611 si
893 1564 954 1630 spa.

251 1640 287 1690 tia
304 1653 463 1708 temporum,
485 1638 640 1707 personarum
657 1636 806 1702 dignitates,
826 1636 955 1689 consilio-

252 1728 306 1764 rum
330 1715 458 1770 rationes,
487 1716 598 1762 locorum
624 1704 819 1775 'opportunitates
848 1709 953 1761 consta-

251 1787 314 1837 bunt
332 1803 340 1837 τ
359 1803 390 1836 ne
416 1785 495 1835 refelli
518 1783 625 1849 possit,
654 1793 696 1832 out
721 1780 836 1848 temporis
858 1800 952 1848 parum

251 1859 340 1917 fuiffe,
360 1871 401 1909 aut
421 1857 514 1908 calisam
534 1856 645 1914 nullam,
666 1867 708 1906 aut
726 1856 809 1906 locum
825 1853 950 1908 idoneum

250 1948 302 1982 non
322 1931 411 1989 fuine,
431 1943 473 1980 nur
491 1931 602 1980 homines
622 1927 685 1995 ipsos
698 1928 811 1985 ¹facere,
833 1941 876 1978 aut
893 1931 953 1996 pati

249 2021 301 2055 non
317 2003 428 2071 potuille.
447 2004 472 2053 Si
487 2019 546 2052 vera
565 2019 605 2053 res
623 2001 686 2059 erit,
707 1998 781 2051 nihilo
797 1997 873 2048 minds
890 2003 953 2057 haet

250 2078 332 2128 omnia
346 2078 464 2128 narrando
480 2075 644 2127 conservanda
659 2074 712 2123 sunt
727 2090 734 2124 ε
747 2089 801 2122 nam
816 2071 880 2136 saepe
897 2091 953 2124 ve.

249 2151 327 2209 ritas,
349 2152 393 2201 nisi
417 2153 468 2201 haec
486 2151 582 2200 servata
602 2149 669 2206 sint,
691 2144 763 2196 fidem
788 2145 871 2194 facere
893 2163 952 2202 non

249 2224 353 2292 potest:
370 2225 408 2274 sin
432 2225 478 2275 erit
499 2222 579 2280 ficia,
605 2220 636 2272 ed
657 2220 731 2288 magis
750 2229 821 2269 erunt
842 2220 953 2273 conset.

248 2299 337 2348 vanda'.
355 2299 396 2350 De
410 2299 438 2348 iis
455 2299 527 2348 rebus
542 2295 612 2346 caute
626 2294 805 2363 confligendum
821 2289 874 2350 est,
892 2297 953 2360 qui.

249 2373 295 2423 luu
314 2373 339 2423 in
357 2374 429 2424 rebus
446 2373 534 2421 tabulae
552 2384 594 2420 aur
609 2370 711 2434 alicujus
730 2366 797 2417 firma
814 2364 952 2422 euriositas

248 2446 372 2496 videbitur
388 2445 530 2495 interfuisse.
556 2444 643 2492 Adhuc
661 2460 714 2508 quae
732 2441 792 2490 dieta
809 2439 882 2498 sunt,
902 2459 951 2493 ar.

248 2520 328 2570 bitror
349 2520 407 2567 mihi
426 2517 534 2568 constare
557 2533 612 2564 cum
632 2515 720 2564 ceteris
741 2514 798 2563 artis
817 2512 951 2579 scriptori-

248 2591 295 2642 bus
312 2625 320 2649 ,
345 2591 390 2640 nisi
407 2591 461 2657 qnia
484 2590 514 2638 de
531 2587 693 2638 insinuatione
709 2603 773 2636 nova
790 2587 954 2654 excogitavi·

250 2680 323 2722 mus,
345 2662 410 2731 quod
431 2680 484 2712 eam
506 2663 569 2720 soli,
594 2675 685 2728 praeter
707 2672 822 2718 ceteros,
849 2659 874 2709 in
894 2663 949 2716 tria

249 2749 360 2803 tempora
385 2737 528 2794 divisimus,
558 2747 587 2784 ur
610 2732 681 2800 plane
707 2745 798 2784 certam
823 2732 888 2783 viam
915 2736 947 2790 ὅ(
970 2730 973 2735 ’

249 2811 401 2879 perspicuam
416 2812 535 2861 rationem
554 2809 708 2858 exordiorum
724 2808 877 2858 haberemus.

287 2885 439 2943 X.'Nunc,
467 2884 532 2950 quod
550 2882 670 2948 reliquum
690 2879 751 2938 est,
778 2880 894 2946 quoniam
912 2882 949 2934 de

249 2973 330 3010 return
354 2958 496 3009 inventione
516 2954 682 3021 disputandum
700 2952 752 3012 est,
778 2955 805 3002 in
824 2970 870 3019 qua
892 2955 950 3008 rin.

250 3033 334 3101 gulare
361 3033 508 3087 consumitur
534 3029 638 3082 oratoris
666 3024 802 3089 officium,
831 3027 949 3088 ubuum
