2400 4067
451 457 743 526 Onnron
861 470 941 546 &5

249 564 394 630 ‚dolenter
405 572 447 630 uti
459 571 583 632 solemus
596 619 606 647 ,
621 590 652 632 ιιι
667 592 790 654 puerum
800 569 942 631 infantem

254 648 287 706 in
299 649 430 710 manibus
443 671 614 733 perorantes
627 656 802 715 tenuerimus
813 673 822 726 3
844 651 942 711 utalia

255 729 287 786 in
309 730 410 805 causa,
435 737 561 794 excitato
589 756 642 795 reo
673 736 793 805 nobili,
827 731 944 792 sublato

255 811 346 870 etiam
368 810 429 872 silio
453 837 570 896 parvo,
599 817 741 898 plangore
774 815 806 874 &
828 813 943 872 lamen·

254 894 368 953 tatione
390 896 605 976 compleremus
628 895 746 969 forum)
775 892 826 955 sed
853 896 943 953 etiam

255 969 299 1032 est
314 971 497 1051 faciendum,
513 995 546 1037 ut
556 975 689 1038 irascatur
702 975 811 1055 judex,
827 976 945 1056 mitige-

255 1071 324 1126 tur,
340 1057 491 1132 invideat,
507 1058 626 1132 favent,
646 1074 835 1128 contemnat,
849 1055 944 1115 admir-

255 1150 356 1208 retur,
376 1137 496 1212 oderit,
525 1139 649 1222 diligat,
675 1142 791 1221 cupiat,
812 1138 951 1198 satietate-

254 1213 406 1292 afficiatur,
419 1217 532 1300 speret,
544 1238 678 1292 metuat,
688 1220 812 1292 laetetur,
826 1218 941 1278 doleat:

254 1299 354 1378 quain
365 1303 525 1375 varietate,
538 1301 707 1376 duriorum,
724 1298 867 1361 accusatio>
875 1298 944 1381 sup·
973 1362 977 1371 ,

254 1378 399 1460 peditabit
407 1383 561 1463 exempla3
577 1386 743 1456 mitiorum,
755 1381 946 1442 defensiones

254 1480 344 1520 rneae.

302 1559 368 1620 ιιι.
389 1542 479 1602 Nullo
494 1545 573 1603 enim
590 1543 682 1603 modo
695 1545 805 1602 animus
823 1540 946 1601 audien»-

254 1622 292 1681 tis
311 1642 359 1682 aur
372 1624 501 1697 incitari,
520 1642 569 1682 aut
583 1624 666 1684 leniri
679 1620 794 1703 potest,
811 1624 859 1702 qui
872 1641 944 1681 mo·

254 1702 310 1762 dus
326 1726 343 1762 a
357 1725 404 1765 me
422 1727 482 1764 non
501 1721 627 1764 tentatus
644 1705 702 1762 sit:
724 1704 851 1763 dicerem
872 1721 945 1781 per·

253 1782 384 1859 seeum,
405 1788 428 1844 si
446 1788 485 1844 ita
503 1783 680 1863 judicarem,
699 1805 754 1844 nee
772 1786 801 1843 in
819 1784 946 1844 veritate

253 1867 365 1926 crimen
378 1868 548 1948 arrogantiae
564 1863 792 1926 extimescerem.
818 1862 897 1938 Sed,
911 1880 945 1924 nt

252 1945 340 2027 supri
358 1945 435 2021 dixi,
457 1948 535 2007 nulla
556 1968 604 2008 me
625 1948 752 2029 ingenii,
767 1944 819 2007 sed
838 1965 947 2027 magna

254 2030 302 2103 vis
319 2029 407 2088 animi
422 2030 604 2101 inflammat,
620 2045 652 2088 ut
670 2048 718 2088 me
739 2026 798 2108 ipse
815 2047 876 2086 non
895 2043 945 2085 te-

253 2128 355 2169 neam.
384 2107 449 2168 Nec
463 2130 600 2190 umquam
616 2111 658 2179 is,
677 2110 725 2188 qui
744 2107 875 2180 audiret,
898 2108 946 2164 in·
964 2126 967 2133 ’

253 2189 449 2263 tenderetur,
464 2192 517 2249 nisi
527 2189 630 2248 ardens
643 2187 679 2246 ad
698 2208 765 2246 eum
798 2189 946 2246 erveniret

255 2268 364 2331 oratis.
394 2270 502 2331 Uterer
522 2268 663 2348 exemplis
683 2210 866 2340 domessicis,
890 2268 946 2327 nisi

255 2372 294 2412 ea
310 2349 443 2433 legisses:
462 2370 558 2412 uterer
576 2349 693 2422 alienis,
712 2348 761 2407 vel
773 2347 900 2419 Latinis,
919 2349 944 2407 s'i

255 2431 315 2491 ulla
337 2434 520 2513 reperirem
542 2431 593 2492 vel
613 2427 746 2499 Graecis,
768 2429 794 2487 si
814 2427 943 2488 deceret.

256 2511 319 2573 Sed
332 2511 429 2574 Crassi
441 2533 585 2594 perpauca
599 2509 681 2584 sunt,
700 2530 755 2570 nec
768 2529 803 2570 ea
816 2507 946 2586 judicio«-

256 2614 342 2654 rum:
358 2594 428 2654 nihil
440 2593 580 2666 Antonii,
591 2592 663 2652 nihil·
673 2589 788 2665 Cortae,
798 2589 867 2650 nihil
878 2588 946 2651 sut-

222 2712 225 2717 ,
255 2675 345 2769 pi'ciif
366 2674 482 2736 dicebat
495 2673 621 2748 melius,
634 2672 723 2756 qudm
738 2671 848 2754 scripsit
862 2671 945 2732 Hor·

255 2771 377 2816 tensius.
929 2782 932 2793 ·

306 2835 500 2911 133.Veri1m
516 2836 578 2894 haec
591 2834 655 2906 vis,
670 2854 756 2914 quam
771 2833 945 2913 quaerimus,

258 2931 368 2995 quanta
387 2916 440 2990 sit,
462 2915 662 2996 suspicemur,
683 2915 821 2994 quoniam
841 2932 945 2974 exem»

251 2994 342 3078 plum
356 3015 419 3061 nou
434 2997 597 3072 hebernum
617 3010 686 3070 aut,
702 2996 728 3056 si
745 2992 881 3076 exempla
896 2991 948 3054 sea·
