2400 4067
332 479 426 570 am
541 477 838 561 Torret

334 614 411 673 ,quae
421 596 449 652 in
462 593 583 654 aliorum
594 589 736 673 potestate
747 589 828 649 sunt:
847 588 971 661 stabilia,
982 591 1015 648 in·

332 676 461 733 .certis:
485 696 548 756 quae
562 677 634 754 eripi
652 693 712 732 non
732 669 870 752 poffunt,
890 673 943 744 iis,
963 691 1014 752 quae
1043 664 1052 679 ’

334 795 338 801 -
371 751 473 813 ossunt.
504 752 631 814 Affettio
648 769 746 813 autem
762 751 800 811 ad
810 771 858 810 res
870 751 976 830 aliquas
985 749 1016 810 et

348 775 533 908 iiujusmodi,
550 836 712 914 principum
729 830 890 891 commoda
902 828 1017 910 majora,

371 914 438 972 uim
456 915 653 996 reliquorum:
674 917 822 993 itemque,
846 932 913 993 quae
925 909 1017 991 jucun·

338 935 451 1069 ¹diora,
468 1017 531 1076 quae
543 995 670 1076 pluribus
686 994 826 1074 probata,
845 1014 911 1074 quae
926 995 962 1051 ab
976 1013 1019 1072 op-

350 1077 424 1134 timo
443 1097 560 1156 quoque
575 1075 699 1134 laudata.
730 1074 853 1153 Atque,
874 1089 908 1131 ut
924 1073 985 1132 haec
997 1075 1021 1130 in

339 1159 571 1234 ,comparatione
581 1156 724 1229 meliora,
738 1157 779 1215 sic
788 1154 959 1228 deteriora,
970 1173 1024 1234 quae

339 1237 385 1293 iis
398 1233 460 1294 sunt
477 1239 629 1295 contraria.

393 1333 443 1390 71.
462 1315 576 1377 Parium
589 1333 685 1375 autem
702 1316 886 1395 comparatio
906 1313 1027 1374 necela·

351 1395 464 1455 tionem
473 1396 578 1470 habet,
589 1418 643 1456 nec
652 1396 894 1456 submissionem:
907 1393 949 1455 est
959 1396 1026 1454 enim
1062 1416 1064 1431 =

354 1476 479 1556 aequalis.
511 1477 607 1536 Multa
619 1495 718 1536 autem
736 1475 821 1550 sunt,
842 1496 911 1556 quae
920 1475 1028 1556 aequaii·

354 1572 416 1616 tate
430 1556 488 1637 ipta
504 1574 723 1638 comparantur:
742 1575 807 1647 quae
825 1558 867 1614 ira
883 1554 949 1616 fere
966 1576 1027 1616 con-

356 1636 518 1700 cluduntur.
557 1637 588 1698 Si
615 1639 736 1698 consilio
756 1655 861 1716 juvare
880 1638 981 1710 cives,
1002 1635 1026 1694 dt

269 1750 273 1759 ·
346 1718 488 1792 auxilio,
517 1739 598 1799 aequa
623 1721 653 1777 in
673 1717 758 1778 laude
780 1713 1026 1799 ponendumest3

348 1801 418 1878 ,pari
436 1799 529 1882 glorid
543 1799 653 1859 debent
671 1796 726 1858 effe
741 1801 778 1872 ii,
798 1800 849 1879 qui
868 1796 1027 1869 confidunt,

353 1877 391 1937 .&
411 1880 450 1950 ii,
468 1882 517 1960 qui
535 1878 695 1940 defendunt
713 1900 722 1938 r
743 1895 772 1938 at
787 1877 872 1959 quod
889 1881 1026 1959 primum,

356 1955 412 2016 est:
424 1959 504 2037 quod
513 1958 637 2039 sequitur
644 1962 738 2040 igitur.
753 1957 886 2019 perfetta
894 1957 939 2019 est
948 1959 1029 2018 omnis

356 2056 593 2118 argumentorum
608 2040 854 2100 inveniendorum
865 2041 1029 2120 praeceptio,

357 2134 414 2191 ut,
434 2123 525 2198 'quum
544 2119 691 2201 profedtus
710 2122 747 2179 sis
767 2143 785 2180 a
804 2118 996 2191 definitione,
1016 2140 1028 2176 a

357 2201 535 2278 partitione,
558 2223 575 2264 a
594 2202 764 2272 notatione,
786 2223 804 2258 a
818 2197 998 2282 conjugatis,
1015 2219 1026 2256 a

357 2299 487 2420 ieme,
508 2279 658 2355 aforma,
680 2304 696 2340 a
715 2280 924 2354 similitudine,
945 2303 962 2340 a
981 2277 1026 2337 dif-
1062 2310 1064 2317 ·

373 2365 500 2435 erentia,
515 2385 533 2422 a
544 2364 706 2432 contrariis,
720 2361 755 2422 ab
766 2358 909 2440 adjunttis
920 2407 930 2435 ,
942 2383 958 2421 a
970 2379 1027 2419 con·

359 2438 559 2520 sequentihus,
583 2443 621 2502 ab
636 2440 898 2515 antecedentibus,
922 2464 939 2501 a
956 2460 1027 2520 repu-

358 2521 531 2602 gnantibus,
549 2544 567 2584 a
584 2526 694 2595 causis,
715 2522 751 2582 ah
769 2519 904 2594 effeffis,
925 2545 944 2582 a
958 2540 1028 2580 com·
1062 2498 1064 2561 i

359 2603 508 2679 paratione
531 2600 696 2680 majorum,
717 2603 1028 2682 ninorum‚.parium,

360 2679 438 2739 nulla
456 2698 593 2760 praeterea
614 2681 696 2744 sedes
723 2685 887 2768 argumenti
910 2701 1029 2764 quaeren-

363 2758 400 2820 da
418 2762 468 2818 sit·
519 2794 524 2799 -
561 2797 563 2799 -

290 2891 292 2894 .
360 2897 362 2901 ,
404 2838 486 2905 ΧΙΧ.
505 2839 565 2902 Sed
578 2845 715 2923 quoniam
729 2845 768 2901 ita
781 2844 960 2923 aprincipio
974 2839 1032 2902 divi·

363 2923 510 2996 simus„ut
524 2924 594 2985 alios
608 2925 690 2987 locos
705 2923 864 2986 diceremus
873 2926 904 2983 in
915 2944 954 2984 eo
966 2920 1032 3003 ipso,
1062 2920 1064 2933 '

361 2997 402 3065 'de
415 3023 473 3101 quo
486 3004 802 3098 ambignumdaerere,
814 3004 971 3096 dequibus
986 3001 1035 3065 sats
