2400 4067
332 509 406 581 268
458 508 530 577 Dr
563 487 894 575 Inrunrronn

327 622 458 705 judicari.
487 624 651 703 ludicrum,
677 619 823 680 Atrocitas
846 617 1019 699 injuriarum

329 707 429 767 latisne
445 705 532 766 causae
550 707 605 777 sit,
625 721 734 792 quare,
759 700 829 759 dum
848 720 886 760 ea
903 698 1020 781 jndice-

328 806 396 861 tur,
418 787 453 846 de
471 787 565 865 aliquo
583 802 695 862 majore
710 779 880 853 maleficio,
901 781 940 842 de
959 803 1019 864 quo

330 865 468 949 judicium
489 880 686 944 comparatum
710 863 774 934 sit,
803 859 1018 942 praejudicetur.

331 949 429 1027 Atque
443 945 610 1026 exemplum
622 942 738 1023 quidem
749 942 807 1000 hoc
820 939 872 1002 est.
887 941 923 1002 ln
938 947 1019 1004 omni

330 1044 427 1088 autem
443 1025 525 1086 causa
541 1025 576 1084 ab
596 1042 718 1105 utroque
736 1024 824 1103 quaeri
841 1024 1018 1103 oportebit,

330 1129 446 1188 aquo,
471 1108 501 1166 ὃ(
519 1127 570 1186 per
589 1126 687 1184 quos,
713 1104 818 1183 &quo
835 1103 963 1180 modo,
989 1105 1019 1167 &

330 1209 389 1268 quo
409 1205 542 1267 tempore
563 1201 611 1243 aut
632 1187 702 1267 agi,
727 1198 774 1242 aut
793 1179 945 1260 judicari,
973 1202 1019 1246 aut

330 1267 400 1349 quid
416 1265 496 1326 statui
510 1266 547 1326 de
567 1286 602 1325 ea
618 1286 649 1325 re
667 1266 830 1324 conveniat.

373 1348 421 1409 61.
439 1346 473 1406 ld
489 1368 524 1407 ex
540 1345 666 1427 partibus
680 1341 767 1424 juris,
783 1343 820 1404 de
835 1343 941 1425 quibus
955 1343 1017 1428 post

331 1428 486 1490 dicendum
501 1426 563 1501 est,
583 1425 654 1485 sumi
672 1425 837 1506 oportebit,
857 1425 892 1485 &
905 1428 1019 1486 ratioti-

333 1513 416 1583 nari,
434 1508 502 1589 quid
520 1511 550 1567 in
569 1506 703 1565 similibus
718 1505 802 1566 rebus
820 1503 885 1565 fieri
903 1505 1018 1582 soleat,

332 1591 366 1650 ὃ(
382 1589 507 1661 videre,
527 1590 623 1648 utrum
639 1587 744 1647 malitil
761 1586 829 1667 quid
849 1586 930 1647 aliud
948 1608 1018 1672 aga-

332 1687 398 1745 tur,
419 1669 494 1729 aliud
510 1668 679 1739 simuletur,
698 1689 733 1726 an
749 1664 888 1742 stultitia,
908 1690 948 1728 an
964 1690 1018 1730 ne-

331 1751 522 1822 cessitudine,
540 1748 620 1828 quod
633 1748 689 1807 alio
705 1746 797 1813 modo
810 1751 856 1829 agi
870 1770 935 1809 non
951 1772 1018 1831 pos-

332 1833 389 1903 sit,
408 1853 444 1890 an
461 1833 612 1888 occasione
630 1827 734 1910 agendi
751 1829 789 1886 sic
805 1830 840 1887 sit
856 1824 1016 1906 judicium,

332 1928 381 1970 aut
399 1911 472 1971 allio
488 1907 661 1982 constituta,
679 1930 717 1967 an
735 1906 811 1967 retle
828 1910 891 1969 sine
911 1911 972 1971 ulla
987 1929 1017 1972 re

332 1989 474 2070 ejusmodi
494 2009 539 2049 res
563 2004 670 2070 agatur.
695 1988 788 2048 locus
812 2007 913 2049 autem
933 2013 1017 2054 com·

333 2074 426 2131 munis
445 2087 546 2130 contra
564 2090 653 2143 eum,
675 2072 722 2149 qui
739 2068 957 2132 transsationem
975 2075 1018 2133 in·

333 2152 441 2225 ducet,
460 2150 559 2233 sugere
580 2147 715 2229 judicium
733 2170 765 2208 ac
783 2171 928 2231 poenam,
953 2157 1017 2236 quia

332 2232 421 2293 causae
437 2230 554 2292 diffidat.
572 2231 601 2289 A
615 2230 794 2290 transsatione
810 2246 931 2308 autem,
951 2257 1017 2295 om-

333 2316 413 2373 nium
433 2312 495 2373 fore
514 2311 780 2393 perturbationem,
799 2314 900 2372 sinon
917 2317 959 2374 ita
974 2336 1017 2376 res

333 2411 471 2477 agantur,
484 2394 515 2453 &
530 2395 559 2451 in
572 2390 708 2471 judicium
719 2393 856 2465 veniant,
870 2415 931 2475 quo
948 2418 1018 2478 pac·

334 2494 366 2535 ro
384 2490 539 2555 oporteat:
557 2473 614 2532 hoc
631 2471 691 2543 est,
711 2474 732 2530 si
745 2488 792 2531 aut
811 2493 878 2532 cum
896 2495 935 2536 eo
953 2497 1019 2560 aga·

333 2571 397 2628 tur,
412 2557 523 2634 quicum
537 2575 596 2611 non
611 2567 743 2632 oporteat
755 2596 764 2625 ,
778 2570 825 2612 ant
839 2547 895 2614 alia
907 2560 1019 2637 poenl,

333 2636 391 2693 alio
413 2636 553 2707 crimine,
578 2633 635 2691 alio
656 2649 789 2711 tempore
808 2654 815 2692 ε
835 2653 923 2716 arque
944 2637 1018 2698 hanc

332 2718 473 2774 rationem
503 2713 539 2774 ad
570 2713 813 2792 perturbationem
842 2711 1019 2794 judiciorum

322 2798 464 2855 omnium
483 2795 635 2874 pertinere.
654 2790 751 2850 Tresi
772 2796 826 2852 itur
845 2815 888 2855 eae
905 2798 1018 2860 consti-

331 2879 478 2948 tutiones,
493 2895 556 2953 quae
570 2888 664 2952 partes
677 2893 737 2931 non
807 2891 875 2950 ent,
889 2878 928 2937 ad
942 2880 1020 2940 hunc

332 2956 455 3014 modum
489 2952 689 3012 ornabuntur.
727 2952 812 3013 Nunc
848 2961 1019 3037 generalem

319 3032 584 3110 -constitutionem‚
603 3034 634 3096 ὃ(
650 3049 743 3116 partes
762 3032 824 3116 ejus
843 3040 1019 3104 considere·

238 3134 403 3326 nu·
