2400 4067
331 471 406 524 rro
467 451 940 519 Rurrorrcorwru

327 573 505 623 Commovetur
525 573 572 622 hoc
591 585 682 637 genere
701 568 793 618 animus
813 568 953 620 auditoris.
974 568 1018 623 Re

326 648 391 698 enim
411 646 531 696 communi
553 647 630 694 verbo
650 643 738 701 elata,
762 642 945 694 tantummodo
965 643 1019 695 dtur

325 721 424 771 videtur
440 737 448 770 c
465 720 497 769 ast
509 736 539 769 ea
555 717 607 786 posi
623 715 696 781 ipsius
714 715 820 766 oratoris
841 716 1019 768 correctiorem

325 795 402 862 magis
413 794 500 844 idonea
516 792 544 843 sit
553 789 762 858 pronuntiatione.
779 789 842 838 Non
859 789 948 857 igitur
957 790 1020 843 satius

325 867 405 924 effer,
426 868 491 917 dicet
509 867 614 932 aliquis,
635 865 664 914 ab
682 862 771 922 initio,
792 862 937 928 prasertim
956 879 1019 932 qun

327 941 437 997 scribas.
460 942 490 989 ad
511 941 652 1006 optimum,
675 937 701 987 δι
724 935 901 987 eleiiissimum
927 939 1019 991 verbu

328 1011 464 1065 devenire?
483 1013 541 1073 Eli,
559 1030 632 1080 quum
648 1011 744 1061 nonest
759 1010 855 1070 satius,
875 1011 899 1061 si
920 1028 1019 1063 commu·

327 1089 390 1137 tatio
407 1089 476 1137 verbi
495 1089 518 1137 id
536 1088 583 1137 erit
599 1085 787 1150 demonstratura
799 1117 808 1142 ,
818 1124 821 1128 ,
831 1082 963 1151 ejusmodi
979 1101 1019 1137 ree

327 1160 396 1219 effe,
412 1173 459 1220 ut,
477 1177 550 1228 quum
563 1177 616 1210 eam
636 1159 756 1209 communi
774 1158 857 1208 verbo
874 1160 1019 1226 appelliris,

320 1232 406 1285 deviis
423 1235 511 1284 dixisse
526 1233 649 1282 videaris:
664 1249 735 1298 quum
753 1232 783 1280 ad
799 1231 911 1283 elesiius
929 1235 1020 1284 verbum

328 1308 451 1367 accedas,
470 1307 628 1376 insigniorem
644 1322 695 1355 rem
712 1305 796 1354 sacias.
811 1303 895 1369 Quod
913 1306 938 1357 si
955 1308 1020 1358 conti·

327 1378 379 1432 nui
399 1380 499 1431 venisses
517 1381 547 1430 ad
564 1381 588 1428 id
605 1382 723 1438 verbum,
744 1394 790 1428 nec
807 1379 870 1439 rei,
890 1396 943 1432 uec
962 1379 1020 1432 veni

329 1455 406 1524 gratia
423 1454 585 1504 animadversa
601 1451 670 1503 esset.

365 1527 501 1579 XXVII.
522 1525 663 1592 Occupatio
679 1524 731 1584 est,
749 1541 824 1591 quum
841 1525 971 1589 dicimus,
984 1541 1019 1578 not

327 1602 454 1669 praeterire
469 1638 477 1663 ‚
494 1613 536 1652 aut
557 1617 606 1651 non
624 1599 703 1658 scire,
725 1611 766 1649 aut
786 1601 858 1650 nolle
878 1600 969 1653 dicere
983 1601 1020 1660 id,

328 1676 396 1742 quod
410 1689 467 1727 tunc
483 1674 584 1726 maxime
598 1674 717 1730 dicimus,
731 1673 779 1722 hoc
795 1674 877 1725 modo
893 1690 901 1726 a
921 1675 1020 1727 Nande

326 1749 431 1817 pueritia
447 1749 537 1816 quidem
553 1762 612 1807 tua,
628 1763 695 1813 quam
712 1760 737 1794 tu
753 1746 818 1796 omni
835 1748 1020 1818 intemperante

328 1821 459 1883 addixisti,
477 1822 593 1875 dicerem,
613 1821 634 1869 si
654 1820 697 1867 stoc
716 1832 806 1887 ternpus
823 1819 945 1874 idoneum
958 1837 1022 1892 peu·

329 1911 377 1944 rem
394 1912 401 1944 :
418 1890 603 1961 nuneconsultd
622 1892 739 1958 relinquo.
756 1893 791 1942 Ee
806 1893 876 1944 illud
890 1911 1022 1964 pretereo,

329 1967 393 2035 quid
408 1982 432 2016 te
449 1966 538 2017 tribuni
550 1966 586 2016 rei
602 1966 713 2015 militaris
728 1963 906 2032 infrequentem
923 1970 1024 2021 eredide-

329 2057 394 2092 runt.
412 2040 508 2090 Deinde
527 2041 589 2107 quid
608 2039 744 2106 injuriarum
761 2036 908 2107 [adfecisti
929 2042 962 2094 ἱ..
981 2043 1024 2095 Le·

330 2113 419 2171 deoni,
437 2114 498 2163 nisril
514 2116 547 2162 ad
562 2130 611 2162 rem
625 2112 743 2179 pertinere
759 2128 830 2181 puto.
853 2115 954 2169 Hom
971 2115 1024 2168 nnis

329 2187 385 2236 dico
408 2203 416 2236 :
438 2202 545 2237 revertor
568 2188 600 2235 ad
619 2185 704 2241 iliud,
726 2188 756 2235 de
780 2205 826 2253 quo
842 2189 967 2254 judicium
988 2189 1024 2253 eps.

330 2261 413 2318 item,
434 2261 493 2311 Non
510 2261 563 2310 dico
583 2275 607 2310 te
627 2259 656 2308 ab
669 2256 742 2325 sociis
758 2262 877 2327 pecunias
895 2262 1023 2333 accepist:

330 2353 380 2386 non
392 2333 445 2402 suin
461 2337 485 2385 in
502 2352 530 2385 eo
548 2350 693 2402 occupatus,
710 2333 772 2400 quid
787 2335 905 2388 civitates
913 2372 925 2395 ,
941 2354 1024 2407 regne,

330 2411 412 2460 domos
428 2410 528 2459 omnium
540 2408 690 2476 depeculatus
702 2424 724 2456 es
737 2423 745 2456 :
755 2404 841 2474 fretra,
863 2412 969 2479 rapinas
978 2427 1024 2463 eurr

331 2501 412 2534 omnes
431 2484 523 2534 omitto.
547 2482 606 2530 Haec
630 2482 693 2531 utilis
716 2479 749 2530 est
770 2485 931 2546 exornatio,
951 2486 972 2537 si
989 2496 1025 2535 aut

332 2573 401 2615 rem,
415 2573 484 2621 quarn
499 2572 548 2604 non
563 2555 684 2620 pertineat
699 2555 750 2605 aliis
766 2554 919 2621 ostendere,
932 2556 1024 2610 occuiti

325 2627 479 2694 ‚admonuisse
496 2627 610 2694 prodest,
626 2639 668 2677 aut
684 2625 701 2677 si
716 2630 815 2695 longum
829 2630 884 2690 est,
903 2647 948 2684 aur
963 2635 1026 2703 igno·

333 2701 401 2760 bile,
422 2713 462 2750 aut
479 2703 595 2768 pianum,
614 2712 721 2751 autnon
739 2702 817 2767 potest
835 2702 915 2765 fieri,
935 2722 979 2759 aut
994 2706 1026 2756 se·

332 2774 380 2825 cisi
398 2774 475 2842 potest
492 2775 637 2839 reprehendi
654 2792 662 2833 3
681 2788 709 2825 nt
726 2777 809 2826 utilius
826 2778 859 2827 sit
875 2781 981 2832 occulti
993 2780 1026 2830 se·

333 2848 388 2898 cisse
406 2848 579 2914 suspicionem,
593 2854 663 2916 quam
679 2849 814 2914 hujusmodi
828 2851 962 2905 intendisse
977 2870 1026 2904 ora·

331 2923 445 2980 tionem,
466 2939 519 2988 quae
537 2924 704 2989 redarguatur.
722 2923 862 2988 Disjuusiio
881 2927 937 2988 est,
960 2942 1027 2996 quum

332 3013 418 3049 eorum
440 2996 471 3048 de
491 2996 578 3064 quihus
598 2997 723 3058 dicimus,
744 3010 787 3049 aut
806 3011 966 3070 munique,
989 3012 1026 3052 aut
