2400 4067
227 465 306 544 492
422 443 718 516 Μυσὴ·

229 562 352 629 enodare
361 563 543 621 orationem.
571 559 666 638 Quod
679 580 769 640 quum
780 557 918 634 statuerit,

230 661 313 717 tum,
328 660 359 701 ut
375 641 501 730 quidque
516 643 570 702 erit
580 641 753 714 dicendum,
768 645 810 701 ita
824 641 919 715 dicet;

232 745 290 786 nec
315 721 407 783 satura
426 720 544 802 jejune,
573 743 629 780 nec
647 723 767 803 grandia
785 724 896 782 minute
906 767 921 795 ,

232 826 289 866 nec
300 807 371 864 item
382 802 501 875 contra,
519 800 569 862 sed
583 805 637 861 erit
647 803 731 862 rebus
743 805 815 884 ipsis
825 825 877 884 par
887 805 918 863 &

233 885 349 967 aequalis
366 886 469 944 oratio.
497 881 639 963 Principia
651 884 840 958 verecunda,
860 905 920 944 nort

233 967 315 1027 elatis
328 963 442 1025 incensa
454 964 572 1035 verbis,
590 962 639 1023 sed
655 982 737 1024 acuta
752 964 921 1038 sententiis,

210 1044 212 1046 ’
232 1047 284 1110 vel
293 1046 331 1106 ad
341 1042 533 1106 offensionem
543 1043 713 1118 adversarii,
727 1045 779 1106 vel
790 1046 828 1105 ad
840 1066 921 1104 com·

235 1127 458 1198 mendationem
474 1124 523 1184 sui.
549 1123 738 1187 Narrationes
752 1127 921 1199 credibiles,

233 1229 290 1286 nec
299 1206 433 1268 historico
444 1250 454 1278 ,
468 1203 520 1266 sed
528 1206 622 1286 prope
633 1207 806 1286 quotidiano
814 1207 922 1267 sermo·

233 1309 273 1350 ne
284 1287 432 1370 explicatae
443 1286 575 1346 dilucide.
602 1284 684 1346 Dein
704 1291 727 1346 si
740 1304 845 1348 tenues
856 1308 924 1346 cau-

234 1368 293 1440 sae,
311 1385 375 1428 turn
390 1371 478 1428 etiam
496 1367 717 1448 argumentandi
735 1385 826 1429 tenue
843 1367 925 1428 filum·

235 1451 270 1515 &
278 1453 307 1509 in
319 1448 454 1510 docendo
467 1494 477 1522 ,
495 1449 527 1508 δι
538 1451 568 1506 in
576 1447 770 1521 refellendo,
781 1451 869 1529 idque
884 1452 924 1509 irat

234 1531 400 1603 tenebitur,
424 1546 475 1602 ut,
495 1544 601 1610 quanta
622 1529 762 1604 adrem,
787 1546 869 1590 tanta
886 1529 923 1590 ad

164 1658 166 1664 .
235 1614 402 1678 orationem
413 1608 462 1669 liat
475 1612 613 1670 accessio.

281 1710 346 1772 125.
366 1689 469 1770 Quum
483 1692 556 1750 vero
573 1687 654 1749 causa
669 1710 703 1749 ea
721 1690 875 1765 inciderit,
893 1691 924 1751 in

278 1775 353 1833 avis
369 1771 542 1852 eloquentiae
560 1774 651 1850 possit
674 1775 832 1851 expromi:
864 1792 925 1833 tutu

250 1873 266 1912 e
285 1853 367 1912 latiirs
382 1850 485 1912 fundet
502 1867 602 1910 orator
613 1897 624 1924 ,Ι
638 1868 700 1909 tum
717 1871 801 1934 reget
813 1853 846 1912 δι
858 1854 926 1915 flec-

235 1949 281 1992 tet
301 1936 433 2004 animos,
454 1932 486 1991 &
510 1932 549 1990 sic
568 1931 694 2005 afficiet,
716 1949 748 1991 ut
765 1934 875 2008 volet,
896 1933 925 1993 id

238 2010 299 2086 est,
323 2031 353 2071 ut
376 2010 466 2071 caulae
488 2029 607 2085 natura,
634 2013 665 2074 &
688 2015 762 2072 ratio
784 2019 923 2096 temporis

237 2093 404 2176 postulabit.
429 2091 487 2153 Sed
502 2096 555 2152 erit
569 2093 676 2173 duplex
687 2097 784 2153 omnis
796 2093 860 2173 ejus
876 2118 927 2155 or-

238 2173 926 2254 natusilleadmirabilis,propterquemadscen·

239 2255 283 2315 dit
301 2257 456 2315 intantum
475 2254 623 2315 honorem
640 2256 819 2335 eloquentia.
850 2257 924 2316 Natu

279 2357 329 2395 urn
344 2338 438 2395 omnis
450 2357 515 2416 pars
531 2338 670 2395 orationis
686 2333 741 2397 elle
760 2336 853 2397 debet
863 2339 926 2397 lau·

239 2357 369 2491 libius,
397 2419 484 2475 sicut
504 2415 626 2476 verbum
645 2415 778 2490 nullutn,
805 2420 863 2477 nisi
881 2434 929 2480 aut

240 2519 360 2580 grave,
371 2514 419 2555 aur
436 2498 552 2578 elegans
562 2495 695 2567 excidat;
710 2514 773 2555 tum
791 2496 928 2558 suntrna-

238 2580 316 2645 xime
339 2576 504 2651 luminosae‚
530 2578 562 2637 &
584 2580 663 2657 quasi
682 2576 804 2637 aduosae
830 2600 928 2660 partes

240 2658 321 2718 duae:
342 2678 462 2738 quarum
481 2658 601 2717 alteram
619 2660 648 2716 in
666 2660 794 2719 universi
811 2664 931 2740 generis,

280 2737 394 2798 astione
419 2758 521 2818 pono,
549 2759 658 2818 quam,
688 2756 717 2797 ut
742 2737 828 2819 supra
850 2742 930 2814 dixi,

239 2760 339 2882 glad
351 2818 497 2900 appellant
507 2821 587 2892 lietu
603 2820 722 2879 alteram
734 2820 763 2878 in
773 2823 932 2903 augendis,

239 2899 500 2982 amplificandisque
526 2900 639 2977 rebus,
674 2921 737 2982 quae
759 2901 796 2965 ab
817 2903 933 2968 eisdem

238 2979 395 3062 aisststtest
407 2983 569 3044 nominata.
