2400 4067
639 690 762 743 AD
813 672 1346 747 HERENNJUM
1398 675 1477 745 L.
1526 676 1690 747 III.
1794 677 1896 770 67

523 793 631 847 sine
673 795 748 845 his
789 795 931 850 rebus
969 793 1298 860 pronuntiatio
1340 791 1444 847 sola
1484 795 1648 849 ualere
1691 795 1898 859 poterit.

527 868 700 931 Quate
726 901 741 927 ,
785 867 892 934 quia
932 884 1076 919 nemo
1117 868 1178 916 de
1221 883 1279 916 ea
1318 883 1372 916 re
1414 866 1672 932 diligenter
1711 868 1898 934 scripsit

529 939 553 1004 (
571 958 678 991 nam
702 957 866 999 omues
883 941 966 997 vix
986 940 1116 1006 pofl'e
1139 951 1369 1006 putarunt
1390 939 1452 989 de
1473 955 1603 989 voce
1618 972 1633 999 ‚
1656 940 1707 993 δι
1726 943 1863 993 vultu
1878 974 1896 999 .

531 1016 586 1064 &
619 1013 750 1081 gestu
780 1014 987 1069 dilucide
1025 1015 1205 1072 scribi,
1247 1030 1392 1080 quum
1417 1013 1493 1063 hae
1528 1030 1608 1063 res
1641 1013 1702 1067 ad
1742 1013 1899 1067 sensim

523 1086 708 1139 nostros
729 1087 1031 1153 pertinerent
1054 1088 1075 1154 )
1116 1087 1167 1137 &
1189 1088 1301 1153 quia
1321 1103 1615 1154 magnopere
1644 1103 1701 1137 ea
1735 1104 1843 1157 pass
1868 1105 1899 1139 a

521 1160 661 1211 nobis
682 1161 742 1209 ad
763 1160 1019 1211 dicendum
1040 1161 1357 1225 comparanda
1378 1159 1447 1211 est
1463 1194 1479 1220 ‚
1514 1176 1615 1211 nou
1643 1161 1901 1229 negligen-

519 1245 600 1285 ter
619 1234 814 1285 videtur
833 1246 938 1284 tota
959 1250 1038 1284 tes
1062 1234 1425 1285 consideranda.

600 1323 687 1357 20.
719 1307 970 1361 Dividitur
991 1307 1136 1375 igitur
1166 1308 1496 1373 pronuntiatio
1524 1306 1573 1356 in
1605 1307 1742 1359 vocis
1769 1305 1894 1374 figu-

522 1397 626 1430 ram
651 1414 667 1439 ,
705 1381 756 1433 8(
786 1382 1002 1448 corporis
1032 1394 1232 1433 motum.
1269 1382 1439 1449 Figura
1471 1380 1609 1433 vocis
1643 1379 1709 1430 est
1732 1414 1751 1438 ,
1781 1394 1891 1447 quae

521 1454 657 1507 suum
691 1455 938 1520 quemdam
958 1455 1175 1521 possidet
1200 1456 1416 1509 habitum
1448 1455 1636 1505 ratione
1672 1454 1892 1505 &indus-

521 1525 630 1577 stria
654 1540 995 1592 comparatum.
1026 1528 1097 1577 Ea
1116 1527 1341 1581 dividitut
1371 1528 1420 1577 in
1437 1540 1536 1579 tres
1563 1539 1769 1593 partes„
1790 1544 1889 1577 ma·

522 1598 824 1665 gnitudinem
845 1631 862 1656 ‚
890 1597 1225 1653 firmitudinem
1245 1632 1261 1657 ‚
1296 1600 1660 1652 mollitudinem,
1694 1599 1891 1665 Magni.

522 1671 743 1723 tudinem
773 1672 909 1721 vocis
930 1670 1131 1725 maxime
1162 1684 1409 1736 comparat
1430 1685 1597 1721 natura
1617 1704 1632 1731 ‚
1670 1673 1889 1723 nonnihil

518 1745 644 1793 hanc
675 1757 821 1812 auget
842 1779 857 1803 ,
890 1745 969 1795 sed
996 1744 1196 1797 maxime
1224 1745 1475 1798 conservat
1502 1762 1632 1796 cura.
1665 1744 1888 1796 Fit-mitu-

515 1817 677 1869 dinem
718 1819 856 1869 vocis
894 1817 1095 1872 maxime
1131 1830 1301 1869 natura
1337 1832 1584 1884 comparat
1610 1853 1627 1878 ‚
1668 1820 1889 1873 nonnihil

512 1891 724 1958 adauget
743 1926 758 1950 ,
800 1892 850 1942 &
879 1891 1081 1942 maxime
1113 1892 1367 1944 conservat
1398 1893 1685 1942 exercitatio
1717 1892 1887 1945 decla-2

511 1965 753 2015 mationiS.
797 1965 1154 2017 Mollitudinem
1192 1966 1331 2016 vocis
1355 1999 1370 2023 ,
1408 1967 1504 2015 hoc
1542 1966 1608 2017 est
1630 1999 1647 2026 ,
1685 1978 1741 2023 ut
1776 1983 1885 2019 eam

510 2044 741 2104 torquere
761 2037 809 2091 in
830 2039 1036 2089 dicendo
1054 2056 1144 2105 pro
1164 2039 1325 2089 nostro
1346 2040 1603 2090 commodo
1622 2041 1883 2106 possimus,

505 2110 710 2163 maxime
741 2113 885 2163 faciet
914 2114 1200 2163 exercitatio
1229 2113 1612 2168 declamationis,
1646 2112 1881 2178 Quapro-

503 2198 615 2249 pter
645 2185 720 2235 de
716 2186 1050 2252 magnitudine
1078 2187 1227 2239 vocis.
1240 2220 1255 2244 ‚
1296 2187 1347 2236 &
1366 2185 1669 2241 firmitudinis
1700 2200 1836 2252 parte
1858 2219 1881 2246 ,

504 2259 740 2346 {⁰9th
765 2261 915 2312 altera
948 2260 1118 2312 natura
1140 2294 1158 2323 ,
1199 2261 1353 2314 aloera
1385 2277 1500 2312 cura
1531 2273 1886 2361 ςοπξῖετειιιιτ.
1861 2294 1879 2324 ,

495 2343 621 2399 'nihil
640 2350 700 2397 ad
719 2363 808 2396 nos
832 2333 1007 2398 attinet
1024 2362 1338 2399 commonete
1359 2383 1374 2407 ,
1400 2334 1492 2400 nisi
1520 2359 1573 2398 ut
1592 2350 1649 2398 ab
1667 2337 1722 2399 iis
1746 2382 1761 2408 ‚
1794 2350 1881 2418 qui

506 2438 606 2469 non
635 2418 768 2470 inscii
794 2418 901 2470 sunt
934 2420 1040 2484 ejus
1068 2420 1256 2472 artificii
1281 2455 1299 2482 ,
1331 2423 1457 2475 ratio
1488 2423 1709 2473 cutandae
1737 2423 1883 2475 vocis

500 2505 717 2615 Petggillr·
726 2563 809 2613 De
832 2579 889 2612 ea
908 2572 1047 2628 parte
1070 2559 1371 2611 firmitudinis
1395 2594 1410 2620 ‚
1445 2579 1550 2626 quae
1573 2563 1885 2615 conservatur

506 2639 697 2688 ratione
737 2635 1140 2694 declamationis,
1181 2634 1235 2685 δε
1267 2634 1327 2684 de
1360 2635 1666 2684 mollitudine
1700 2636 1839 2684 vocis
1863 2669 1882 2694 ,

507 2729 615 2778 quae
653 2708 854 2761 maxime
888 2707 1143 2759 necefl'atia
1182 2706 1250 2757 est
1289 2709 1511 2766 oratori,
1560 2708 1783 2774 quoniam
1823 2725 1885 2759 ea

510 2802 704 2850 quoque
742 2784 1076 2833 moderatione
1117 2781 1477 2831 declamationis
1521 2795 1824 2846 comparatur
1860 2816 1881 2843 ,

511 2859 766 2908 dicendum
799 2858 1007 2907 videtur.
1047 2855 1252 2905 firmam
1283 2855 1430 2923 igitur
1458 2854 1661 2906 maxime
1690 2856 1958 2924 potat-j

508 2947 612 2981 mus
635 2931 683 2981 in
713 2931 921 2980 dicendo
940 2946 1113 2980 vocem
1136 2929 1462 2988 conservare,
1497 2932 1535 2976 si
1567 2932 1703 2996 quern
1724 2947 1810 2988 mg

507 3004 587 3051 me
610 3004 768 3053 sedata
792 3004 842 3054 &
865 3003 1089 3070 depressa
1108 3019 1236 3051 voce
1251 3003 1474 3069 principia
1503 3004 1718 3052 mli-:temus
1735 3040 1748 3052 .

511 3076 751 3125 laeduntm·
786 3077 972 3126 atteriae
998 3109 1014 3134 ,
1053 3076 1131 3134 si,
1174 3086 1428 3141 antequam
1464 3076 1559 3124 leui
1595 3092 1743 3124 voe*

511 3148 674 3196 mulsoe
703 3148 806 3196 sunt
827 3180 842 3204 ,
879 3149 978 3197 acri
998 3151 1206 3198 clamore
1238 3150 1591 3212 compleantur.
1623 3148 1708 3196 E.

510 3220 1052 3290 tetvallislongiotibus
1069 3221 1140 3272 uti
1171 3222 1460 3275 conveniet.
1474 3232 1663 3272 mersat
