2400 4067
248 502 331 572 126·
368 501 847 570 nncrorrconuu

243 641 294 674 rum
312 622 389 690 potest
409 621 434 671 in
452 620 517 683 istum
537 615 591 686 casu
610 616 715 684 cccidtffc
731 614 875 687 suspiciosi
892 634 901 669 t
918 631 941 669 Ι

246 697 324 746 omnia
344 697 407 745 inter
416 691 444 762 [ι
462 712 477 742 c
490 693 567 762 primo
584 694 616 741 aci
630 691 775 760 postremum
796 693 942 743 conveniat

245 770 382 839 maleficio,
400 765 487 835 neccffc
504 766 536 829 est
553 763 670 832 castanon
684 764 752 834 poffc
766 764 846 835 fieri.
862 767 941 817 Vebt·

246 861 314 893 mens
332 843 365 893 es
381 844 432 892 haec
449 839 597 897 exornatio,
614 838 640 890 δι
656 838 681 888 in
698 837 871 903 conjeuurati
890 856 941 891 con·

246 917 370 968 stitutione
392 914 468 964 causae
488 913 565 964 fetari
583 912 676 978 semper
695 911 859 973 necessaria,
880 912 943 965 &ic

248 991 337 1040 ceteris
354 989 483 1055 generibus
501 987 641 1044 causarum,
660 985 686 1037 δι
702 986 727 1035 in
745 987 817 1036 omni
836 987 943 1041 oratione

248 1062 381 1113 adhibenda
397 1078 584 1126 nonnumquam.

287 1135 384 1185 XLII.
406 1134 531 1199 Expolitio
555 1134 607 1191 est,
631 1149 704 1197 quum
723 1131 754 1183 in
776 1134 875 1184 eodem
895 1134 943 1184 Ioco

249 1225 373 1258 manemus
385 1241 396 1266 ,,
411 1208 437 1258 &
453 1207 518 1254 aliud
537 1219 609 1271 atque
630 1205 695 1254 aliud
717 1205 807 1256 dicere
827 1208 941 1257 vIdemut.

250 1281 285 1332 Ea
303 1281 431 1346 dupliciter
451 1278 497 1338 fit,
517 1279 537 1328 si
554 1291 596 1329 aut
616 1279 724 1329 eamdem
743 1278 824 1345 plani
843 1298 899 1331 tem
915 1280 943 1329 ffi-

251 1371 349 1413 cemus,
362 1368 404 1404 ant
419 1354 449 1402 de
464 1354 550 1402 eadem
562 1369 600 1402 te.
619 1351 734 1401 Eandem
750 1369 807 1403 rem
825 1355 942 1411 dicento,

251 1445 302 1479 non
317 1428 405 1478 eodem
420 1427 494 1477 modo
507 1423 579 1490 (nam
593 1426 616 1475 id
632 1424 729 1491 quidem
747 1428 897 1479 obtundere
909 1444 943 1477 au·

253 1503 357 1551 ‹Iitorem
376 1500 428 1559 est,
445 1517 493 1552 non
509 1517 559 1549 tem
577 1499 707 1566 expolire)
723 1499 770 1549 sed
788 1500 945 1552 commutati.

254 1575 461 1625 commutabimus
473 1573 618 1638 tripliciter,
633 1573 731 1627 verbis,
744 1574 947 1639 pronuntiando.

252 1649 388 1698 trasiando.
406 1648 496 1697 Verbis
517 1646 732 1702 commutabimur,
753 1663 855 1712 quum,
873 1664 900 1699 re
916 1647 946 1697 se·

253 1725 302 1771 mel
319 1721 398 1779 diui,
415 1720 521 1778 iterum,
538 1732 580 1768 aut
599 1718 683 1784 saepIus
701 1718 756 1768 aisis
773 1722 886 1782 verbis,
903 1736 948 1785 que

255 1796 319 1846 idom
333 1796 447 1851 valeant,
463 1793 547 1841 eadem
561 1807 600 1841 res
616 1792 777 1857 proferetur,
792 1794 849 1845 hoc
864 1795 947 1845 moder

255 1867 357 1921 Nullum
377 1881 467 1914 tantum
486 1865 519 1928 est
534 1864 683 1932 periculum,
705 1867 771 1931 quoti
785 1861 892 1935 sapim
909 1882 951 1935 pro

252 1938 332 2010 salute
353 1939 437 2007 patria
462 1937 582 1987 vitandum
605 1938 740 1987 arbitretur.
769 1938 857 2012 Quum
878 1956 950 2010 σμῆν

256 2013 405 2064 incolumitas
419 2026 535 2080 perpetua
551 2011 656 2061 ciuitatis
673 2029 682 2069 3
702 2012 742 2077 qui
760 2012 835 2064 bonis
852 2015 900 2065 crit
915 2030 950 2064 nt·

256 2086 360 2140 tionibus
375 2085 486 2152 praeditus
497 2119 506 2141 ,
519 2083 627 2152 profciii
643 2084 734 2133 nullum
743 2086 811 2136 sica
832 2084 952 2155 discn'ucc

256 2159 302 2211 sibi
315 2178 360 2226 pro
375 2157 481 2224 fcinunis
496 2158 630 2226 reipublicae
642 2155 785 2226 fitgiendron
797 2159 952 2229 praedicti·

258 2235 303 2285 erit
318 2234 343 2282 in
360 2250 388 2282 ca
399 2228 520 2298 sententia
533 2228 645 2298 semper,
664 2246 690 2279 ue
703 2248 749 2298 pro
763 2234 857 2299 patria
867 2234 950 2298 studio·

258 2306 282 2360 si
301 2306 403 2374 quamvis
425 2306 450 2355 in
470 2323 576 2374 magnam
597 2300 723 2370 descendat
740 2305 801 2356 vito
819 2308 953 2358 dimicatio·

258 2399 318 2432 rtem.
335 2380 517 2430 Pronuntiundo
535 2378 751 2436 commutabimus,
767 2380 791 2429 si
805 2390 864 2431 tum
877 2382 902 2433 in
913 2381 954 2431 sera

258 2472 350 2512 mone,
366 2466 418 2502 tum
435 2454 459 2502 in
474 2452 626 2508 acrimonia,
639 2463 689 2499 tum
706 2451 730 2499 in
745 2453 797 2503 alio
816 2464 898 2521 atque
912 2456 955 2504 aiio

233 2544 235 2548 ·
260 2544 351 2596 genere
367 2527 456 2583 vocis,
473 2534 546 2590 atque
565 2522 662 2591 gestis,
681 2525 767 2574 eadem
787 2529 878 2579 verbis
894 2542 956 2579 cout-

259 2599 377 2650 mutando
388 2631 395 2656 ‚
407 2597 605 2663 pronuntiatione
618 2614 714 2664 quoque
725 2599 908 2655 vehementius
918 2602 957 2652 in·

260 2672 412 2722 mutabimus.
430 2671 486 2720 Hoc
504 2687 583 2737 neque
604 2671 800 2724 commodissime
822 2674 900 2726 scribi
917 2691 956 2741 po·

261 2745 326 2803 test.
342 2759 422 2811 neque
438 2761 521 2810 parum
537 2744 570 2795 est
584 2756 694 2810 apertum
711 2759 719 2796 t
736 2762 815 2811 quare
832 2766 889 2800 non
904 2759 957 2817 eget

262 2820 377 2886 exempli.
393 2818 504 2868 Tertium
518 2835 594 2885 genus
610 2817 643 2868 est
656 2820 881 2882 commutationis,
898 2820 957 2889 quod

263 2893 388 2945 tractando
411 2890 557 2950 conficitur,
578 2892 598 2942 si
620 2892 761 2941 sententiam
783 2894 957 2961 trajiciemus.

263 2980 306 3020 tut
320 2968 350 3016 ad
367 2966 607 3024 sermocinationem,
626 2977 667 3014 aut
684 2965 714 3014 ad
731 2964 959 3023 exsuscitationem.

301 3040 417 3095 XLIII.
437 3040 614 3094 Sermocitutio
628 3036 661 3129 esi
672 3034 684 3106 (
694 3039 725 3093 de
735 3057 783 3115 qua
793 3042 895 3112 planius
906 3060 960 3115 pau·
