2400 4067
345 520 424 595 3¹0
472 504 546 570 Du
570 501 903 571 lnrrrrronr

391 632 456 695 133.
477 614 596 677 Deinde
617 617 688 675 item
710 633 839 695 quaerere
863 610 901 671 ab
925 606 1031 691 judici-

344 694 419 771 bus,
438 699 460 755 si
474 694 536 777 ejus
552 700 596 757 rei
613 694 744 770 causam,
758 711 882 776 propter
898 713 988 775 quam
1004 692 1030 754 se

344 796 411 837 reus
427 797 528 839 contra
541 777 639 860 legem
655 775 751 837 fecisse
766 776 863 848 dicat,
879 778 1031 856 exceptio·

345 877 414 917 nem
430 858 490 939 ipse
506 860 536 918 in
551 860 619 941 lege
633 857 789 931 adscribat,
804 853 948 936 paffurine
966 858 1029 917 sint.

343 936 447 999 Postea
461 940 536 1013 hoc,
572 939 634 999 uod
649 938 754 1012 faciat,
770 937 830 997 indi
852 938 916 996 nius
931 937 966 997 &
978 939 1031 996 int·

343 1019 498 1099 pudentius
564 1041 610 1091 e,
637 1019 725 1101 quim
745 1019 769 1078 si
790 958 942 1078 adderibat.
964 1016 1030 1100 Age

343 1102 433 1179 porro
445 1146 454 1173 ‚
466 1101 535 1182 quid
550 1104 573 1161 si
587 1104 644 1181 ipsi
656 1100 749 1162 velint
763 1096 873 1178 judices
889 1097 1030 1160 adscribe·

344 1200 395 1253 re,
412 1182 575 1261 passurusne
586 1185 623 1241 sit
635 1179 782 1263 populus?
792 1178 834 1240 At
877 1179 964 1240 ehoe
975 1181 1028 1242 effe

342 1260 507 1341 indignius,
521 1283 609 1344 quam
620 1283 684 1324 rem
696 1260 792 1323 verbo
805 1260 838 1321 &
862 1262 959 1321 ‘tteris
967 1281 1030 1321 mu-

342 1357 405 1402 tare
421 1363 481 1403 non
499 1348 632 1425 possint,
645 1363 711 1404 eam
725 1362 757 1404 re
768 1341 851 1424 ipsi,
870 1341 904 1403 &
919 1339 1028 1423 judicio

342 1425 468 1483 maxone
486 1444 677 1486 commutare.
733 1483 735 1488 .

387 1522 453 1584 134.
467 1505 588 1568 Deinde
604 1506 756 1589 indignum
770 1502 827 1565 effe
844 1502 884 1564 de
894 1501 964 1587 lege
978 1501 1028 1564 ali·

342 1586 412 1665 quid
434 1588 589 1670 derogari,
613 1605 661 1648 aut
684 1587 782 1668 legem
803 1585 962 1668 abrogari,
982 1601 1025 1644 aut

342 1666 437 1748 aliqua
452 1689 488 1729 ex
504 1686 587 1751 parte
604 1669 793 1740 commutari,
811 1686 902 1748 quum
915 1687 959 1749 po
980 1666 1026 1727 ulo

342 1747 557 1829 cognoscendi,
575 1750 609 1809 δι
623 1747 786 1832 probandi,
798 1764 848 1806 aut
861 1688 1027 1829 improdan·

343 1826 373 1885 di
391 1828 517 1908 potestas
537 1829 616 1889 nulla
635 1828 707 1890 fiat:
727 1829 785 1888 hoc
801 1829 870 1909 ipsis
886 1826 1026 1908 judicibus

340 1905 596 1970 invidiosissimum
607 1909 744 1971 futurum.
761 1908 833 1969 Non
842 1908 1026 1969 hunclo'cum

340 1988 418 2064 effe,
434 2010 529 2072 neque
547 1992 607 2052 hoc
623 2007 740 2072 tempus
759 1989 859 2072 legum
878 1993 1027 2075 corrigen-

340 2068 444 2130 darum
461 2092 468 2130 :
487 2073 565 2153 apud
583 2073 727 2153 populum
743 2071 822 2143 hoc,
846 2071 880 2131 &
896 2091 953 2153 per
969 2094 1025 2153 po·

339 2150 441 2231 pulum
466 2155 513 2235 agi
538 2157 709 2215 convenire.
732 2151 827 2232 Quod
851 2153 876 2211 si
896 2174 976 2213 nunc
996 2152 1025 2212 id

338 2251 453 2313 agant,
478 2233 557 2295 velle
572 2234 602 2296 se
620 2234 712 2308 scire,
734 2236 782 2314 qui
801 2233 877 2293 lator
896 2236 960 2307 sit,
978 2235 1025 2316 qui

338 2315 396 2372 sint
411 2317 556 2397 accepturi
570 2314 619 2376 :se
634 2316 762 2376 adiones
776 2314 901 2388 videre,
921 2315 956 2375 &
969 2313 1026 2375 dis·

338 2392 459 2456 suadere
473 2397 563 2457 velle.
581 2396 675 2476 Quod
692 2399 715 2455 si
730 2396 792 2456 haec
809 2416 899 2477 quum
917 2394 1025 2457 summe

338 2475 466 2549 inutilia,
479 2493 542 2536 tum
554 2478 646 2538 multi>
657 2479 821 2558 turpissima
834 2478 891 2535 sint
904 2495 914 2549 ;
927 2476 1025 2560 legem

338 2554 501 2633 cujusmodi
520 2560 582 2631 sit,
606 2560 634 2617 in
657 2557 807 2639 praesentia
825 2555 1025 2619 conservaria

337 2631 479 2713 judicibus
498 2659 507 2710 ;
529 2637 594 2719 post
612 2683 621 2712 ‚
640 2642 663 2697 si
683 2638 730 2698 dis
745 2639 850 2712 liceat,
875 2660 892 2696 a
909 2638 1025 2720 populo
1067 2639 1068 2676 ³

337 2719 444 2801 corrigi
456 2722 624 2781 convenire.
633 2662 753 2781 Deinde
762 2764 772 2795 ‚
782 2722 807 2779 si
815 2718 952 2800 scriptum
963 2740 1024 2780 non

335 2796 481 2877 exstaret,
495 2818 676 2884 magnopere
690 2818 884 2882 quaereremus
901 2821 909 2860 :
927 2820 1025 2883 neque

335 2875 404 2956 isti,
422 2904 460 2944 ne
478 2886 501 2943 si
519 2900 598 2943 extra
615 2883 777 2962 periculum
815 2880 914 2942 uidem
933 2883 1025 2956 estet,

178 2903 320 3168 Ἴ.
335 2962 553 3025 crederemus:
580 2984 656 3052 nunc
678 2985 768 3046 quum
794 2904 936 3043 deriptum
965 2966 1025 3038 sit,
1066 2969 1068 3056 1

336 3048 495 3108 amentiam
514 3045 569 3106 effe
584 3090 594 3121 ‚
612 3064 672 3126 ejus
690 3048 740 3129 qui
758 3045 907 3127 peccarit,
927 3047 1026 3127 potius
