2400 4067
334 500 406 569 160
461 496 533 568 Du
560 495 884 571 INVuurrouu

328 614 585 691 constitutionem,
600 617 632 677 &
647 616 890 698 unamaliquam,
906 615 939 674 &
956 612 1027 696 plu·

326 717 373 756 res
393 719 623 780 nonnumquam.
642 696 722 780 Ergo
742 699 750 755 i
772 695 917 777 saneque
940 710 1023 756 'con-

326 775 436 838 stitutio
454 778 515 852 est,
532 800 587 840 nec
606 800 672 860 pars
690 719 911 837 conlitutionis.
929 776 1019 838 Idem

325 860 356 918 in
375 859 622 920 demonstratione
639 858 713 920 solet
728 856 777 918 usu
795 857 926 919 evenire.
948 857 1020 920 Ge-

325 956 396 999 nera
412 941 518 1023 igitur,
536 959 568 1000 ut
586 940 653 1000 ante
672 940 819 1012 diximus,
835 939 897 998 haec
917 939 1021 998 causa-

325 1041 389 1080 rum
415 1022 543 1102 putanda
562 1021 655 1095 sunt,
683 1042 744 1081 non
769 1037 865 1102 partes
891 1020 1020 1100 alicujus

325 1099 546 1176 constitutionis.

366 1181 427 1242 ΧΙ.
453 1183 523 1243 Haec
543 1202 615 1266 ergo
638 1177 826 1254 constitutio,
848 1201 938 1262 quam
957 1199 1017 1322 fie-

323 1263 453 1325 neralem
473 1266 678 1335 nominamus,
702 1281 799 1343 partes
819 1263 905 1322 nobis
923 1265 953 1324 vi
980 1284 1017 1323 e·

241 1341 246 1350 '
322 1359 369 1403 tur
388 1345 457 1406 duas
473 1346 583 1406 habere
599 1390 609 1415 ,
628 1343 839 1425 juridicialem,
859 1345 891 1403 &
911 1365 1015 1427 nego*

323 1425 433 1486 tialem.
461 1426 632 1488 Iuridicialis
656 1422 721 1500 est,
747 1428 776 1484 in
798 1447 855 1508 qua
878 1428 954 1505 aequi
979 1426 1015 1486 &

322 1506 413 1590 iniqui
430 1525 551 1582 natura,
570 1525 619 1568 aut
635 1509 765 1589 praemii,
784 1523 832 1566 aut
849 1527 947 1587 poenae
965 1528 1016 1565 ra-

323 1589 366 1648 tio
383 1592 526 1672 quaeritur.
545 1588 708 1671 Negotialis
724 1586 786 1660 est,
801 1590 831 1646 in
848 1608 925 1668 qua,
941 1587 1016 1668 quid

322 1664 392 1749 juris
406 1691 443 1730 ex
457 1670 534 1731 civili
547 1689 653 1740 more,
669 1670 702 1729 &
716 1670 851 1750 aequitate
866 1670 921 1741 sit,
937 1690 1016 1728 con-

323 1751 464 1810 sideratur
479 1772 486 1808 :
503 1753 549 1810 cui
562 1750 717 1833 diligenriae
731 1747 846 1830 praeesse
860 1749 941 1831 apud
955 1770 1016 1810 nos

321 1827 511 1912 jurisconsulti
527 1829 730 1890 existimantur.

368 1931 414 1990 15·
436 1912 482 1971 Ac
500 1910 665 1991 juridicialis
681 1910 800 1991 quidem
814 1909 873 1991 ipsa
890 1911 920 1968 in
938 1910 1014 1970 duas

323 1991 495 2054 distribuitur
515 2009 632 2073 partes,
651 1991 832 2064 absolutam,
854 1991 887 2050 &
905 1989 1014 2050 aslum·

322 2077 445 2155 privam.
461 2073 603 2134 Absoluta
617 2071 678 2147 est,
694 2096 757 2155 quae
772 2071 831 2153 ipsa
844 2074 874 2131 in
888 2071 917 2132 se
936 2094 1014 2132 con·

322 2157 396 2215 tinet
413 2153 483 2235 juris
501 2155 532 2215 &
551 2153 661 2234 injuriae
681 2152 879 2235 quaestionem.
890 2151 1014 2213 Assum-

322 2239 405 2318 ptiva
423 2236 484 2310 est,
507 2258 569 2318 quae
591 2235 651 2318 ipsa
672 2256 708 2295 ex
727 2234 755 2296 se
773 2234 842 2294 nihil
861 2232 938 2294 firmi
960 2235 1012 2296 dat

322 2317 360 2377 ad
376 2319 587 2381 recusationem
606 2339 615 2392 3
633 2317 703 2378 soris
719 2333 815 2377 autem
833 2315 941 2397 aliquid
959 2316 1014 2377 de·

322 2398 462 2460 sensionis
489 2397 610 2459 affumit.
637 2396 707 2478 Ejus
734 2415 829 2478 partes
849 2396 912 2455 sunt
936 2419 1011 2477 qua-

323 2497 411 2555 tuor,
431 2477 598 2552 conceslro,
617 2482 744 2538 remotio
765 2479 912 2551 criminis,
931 2479 1012 2538 rela-

320 2563 364 2621 tio
375 2563 516 2633 criminis,
524 2561 714 2639 comparatio.
725 2557 889 2620 Concessio
898 2603 907 2632 ,
916 2579 1009 2638 quum

320 2661 387 2701 reus
404 2663 464 2700 non
482 2640 536 2714 id,
556 2640 636 2720 quod
655 2639 760 2701 fanum
780 2638 842 2712 est,
857 2637 1011 2714 defendit,

321 2719 371 2782 sed
391 2741 422 2780 ut
443 2718 623 2803 ignoscatur,
642 2719 776 2801 postulat.
797 2721 871 2779 Haec
886 2723 916 2780 in
937 2721 1009 2780 duas

320 2820 417 2885 partes
437 2801 590 2875 dividitur,
606 2805 832 2882 purgationem,
849 2802 881 2860 &
899 2801 1010 2882 depre-

321 2886 479 2946 cationem.
490 2880 626 2965 Purgatio
642 2881 701 2957 est,
714 2904 802 2964 quum
815 2881 921 2949 sallum
933 2888 1030 2942 cons

321 2966 453 3042 ceditur,
470 2963 554 3044 culpa
564 2981 744 3025 removetur.
756 2964 829 3023 Haec
839 2981 935 3045 partes
949 2965 1008 3023 ha-

322 3046 374 3109 bet
390 3065 471 3126 tres,
494 3045 741 3129 imprudentiam,
761 3043 855 3108 casum
865 3090 885 3120 ,,
904 3065 1011 3116 neces«,
