<?xml version="1.0" encoding="UTF-8"?>
<!DOCTYPE html PUBLIC "-//W3C//DTD XHTML 1.0 Transitional//EN"
    "http://www.w3.org/TR/xhtml1/DTD/xhtml1-transitional.dtd">
<html xmlns="http://www.w3.org/1999/xhtml" xml:lang="en" lang="en">
 <head>
  <title>
</title>
<meta http-equiv="Content-Type" content="text/html;charset=utf-8" />
  <meta name='ocr-system' content='tesseract 3.04.00' />
  <meta name='ocr-capabilities' content='ocr_page ocr_carea ocr_par ocr_line ocrx_word'/>
</head>
<body>
  <div class='ocr_page' id='page_1' title='image "./mtulliiciceroni01lallgoog_0136.png"; bbox 0 0 2400 4067; ppageno 0'>
   <div class='ocr_carea' id='block_1_1' title="bbox 330 469 948 536">
    <p class='ocr_par' dir='ltr' id='par_1_1' title="bbox 330 469 948 536">
     <span class='ocr_line' id='line_1_1' title="bbox 330 469 948 536; baseline -0.003 0"><span class='ocrx_word' id='word_1_1' title='bbox 330 474 408 536; x_wconf 87' lang='lat'>&#39;112</span> <span class='ocrx_word' id='word_1_2' title='bbox 471 469 948 534; x_wconf 76' lang='lat' dir='ltr'>Runronlconvnt</span> 
     </span>
    </p>
   </div>
   <div class='ocr_carea' id='block_1_2' title="bbox 321 582 1049 3082">
    <p class='ocr_par' dir='ltr' id='par_1_2' title="bbox 325 582 1049 1442">
     <span class='ocr_line' id='line_1_2' title="bbox 329 582 1020 650; baseline -0.001 -17"><span class='ocrx_word' id='word_1_3' title='bbox 329 585 466 634; x_wconf 82' lang='lat' dir='ltr'>auditorem</span> <span class='ocrx_word' id='word_1_4' title='bbox 484 595 623 633; x_wconf 87' lang='lat' dir='ltr'>commovet</span> <span class='ocrx_word' id='word_1_5' title='bbox 641 582 747 648; x_wconf 86' lang='lat' dir='ltr'>ejusdem</span> <span class='ocrx_word' id='word_1_6' title='bbox 765 582 955 650; x_wconf 80' lang='lat' dir='ltr'>redintegratio</span> <span class='ocrx_word' id='word_1_7' title='bbox 972 598 1020 633; x_wconf 84' lang='lat' dir='ltr'>ver·</span> 
     </span>
     <span class='ocr_line' id='line_1_3' title="bbox 328 654 1042 724; baseline 0 -19"><span class='ocrx_word' id='word_1_8' title='bbox 328 658 373 715; x_wconf 85' lang='lat' dir='ltr'>bi,</span> <span class='ocrx_word' id='word_1_9' title='bbox 392 658 418 707; x_wconf 77' lang='grc' dir='ltr'>δι</span> <span class='ocrx_word' id='word_1_10' title='bbox 436 659 524 707; x_wconf 88' lang='lat' dir='ltr'>vulnus</span> <span class='ocrx_word' id='word_1_11' title='bbox 545 656 621 724; x_wconf 79' lang='lat' dir='ltr'>majus</span> <span class='ocrx_word' id='word_1_12' title='bbox 640 654 714 705; x_wconf 87' lang='lat' dir='ltr'>efficit</span> <span class='ocrx_word' id='word_1_13' title='bbox 732 655 758 705; x_wconf 89' lang='lat' dir='ltr'>in</span> <span class='ocrx_word' id='word_1_14' title='bbox 780 656 913 706; x_wconf 89' lang='lat' dir='ltr'>contrario</span> <span class='ocrx_word' id='word_1_15' title='bbox 935 656 1042 714; x_wconf 68' lang='lat' dir='ltr'>cause,-</span> 
     </span>
     <span class='ocr_line' id='line_1_4' title="bbox 329 729 1019 798; baseline 0 -19"><span class='ocrx_word' id='word_1_16' title='bbox 329 732 397 797; x_wconf 89' lang='lat' dir='ltr'>quasi</span> <span class='ocrx_word' id='word_1_17' title='bbox 414 731 511 798; x_wconf 87' lang='lat' dir='ltr'>aliquod</span> <span class='ocrx_word' id='word_1_18' title='bbox 529 733 605 780; x_wconf 90' lang='lat' dir='ltr'>telum</span> <span class='ocrx_word' id='word_1_19' title='bbox 623 731 707 796; x_wconf 80' lang='lat' dir='ltr'>saepius</span> <span class='ocrx_word' id='word_1_20' title='bbox 722 730 855 795; x_wconf 85' lang='lat' dir='ltr'>perveniat</span> <span class='ocrx_word' id='word_1_21' title='bbox 873 730 902 779; x_wconf 88' lang='lat' dir='ltr'>in</span> <span class='ocrx_word' id='word_1_22' title='bbox 920 729 1019 779; x_wconf 84' lang='lat' dir='ltr'>eamden</span> 
     </span>
     <span class='ocr_line' id='line_1_5' title="bbox 327 802 1019 871; baseline 0 -18"><span class='ocrx_word' id='word_1_23' title='bbox 327 817 422 870; x_wconf 90' lang='lat' dir='ltr'>partem</span> <span class='ocrx_word' id='word_1_24' title='bbox 438 805 556 870; x_wconf 84' lang='lat' dir='ltr'>corporis.</span> <span class='ocrx_word' id='word_1_25' title='bbox 573 803 746 871; x_wconf 83' lang='lat' dir='ltr'>interpretatio</span> <span class='ocrx_word' id='word_1_26' title='bbox 762 802 815 860; x_wconf 82' lang='lat' dir='ltr'>est,</span> <span class='ocrx_word' id='word_1_27' title='bbox 835 820 895 868; x_wconf 83' lang='lat' dir='ltr'>quae</span> <span class='ocrx_word' id='word_1_28' title='bbox 914 819 967 853; x_wconf 90' lang='lat' dir='ltr'>non</span> <span class='ocrx_word' id='word_1_29' title='bbox 981 803 1019 853; x_wconf 86' lang='lat' dir='ltr'>itc-</span> 
     </span>
     <span class='ocr_line' id='line_1_6' title="bbox 327 874 1018 946; baseline 0 -19"><span class='ocrx_word' id='word_1_30' title='bbox 327 894 383 927; x_wconf 85' lang='lat' dir='ltr'>rans</span> <span class='ocrx_word' id='word_1_31' title='bbox 398 878 462 927; x_wconf 92' lang='lat' dir='ltr'>idem</span> <span class='ocrx_word' id='word_1_32' title='bbox 478 879 628 946; x_wconf 81' lang='lat' dir='ltr'>redintegrat</span> <span class='ocrx_word' id='word_1_33' title='bbox 641 877 760 933; x_wconf 86' lang='lat' dir='ltr'>verbum,</span> <span class='ocrx_word' id='word_1_34' title='bbox 777 874 820 925; x_wconf 91' lang='lat' dir='ltr'>sed</span> <span class='ocrx_word' id='word_1_35' title='bbox 833 876 860 925; x_wconf 93' lang='lat' dir='ltr'>id</span> <span class='ocrx_word' id='word_1_36' title='bbox 874 888 1018 935; x_wconf 86' lang='lat' dir='ltr'>commutat,</span> 
     </span>
     <span class='ocr_line' id='line_1_7' title="bbox 327 949 1018 1018; baseline 0.001 -18"><span class='ocrx_word' id='word_1_37' title='bbox 327 951 395 1018; x_wconf 93' lang='lat' dir='ltr'>quod</span> <span class='ocrx_word' id='word_1_38' title='bbox 410 952 514 1017; x_wconf 88' lang='lat' dir='ltr'>positum</span> <span class='ocrx_word' id='word_1_39' title='bbox 526 951 577 1011; x_wconf 86' lang='lat' dir='ltr'>est,</span> <span class='ocrx_word' id='word_1_40' title='bbox 592 953 642 1001; x_wconf 91' lang='lat' dir='ltr'>alio</span> <span class='ocrx_word' id='word_1_41' title='bbox 655 951 731 1001; x_wconf 87' lang='lat' dir='ltr'>verbo</span> <span class='ocrx_word' id='word_1_42' title='bbox 741 983 753 1015; x_wconf 28' lang='grc' dir='ltr'>,Ι</span> <span class='ocrx_word' id='word_1_43' title='bbox 767 949 839 1015; x_wconf 88' lang='lat' dir='ltr'>quod</span> <span class='ocrx_word' id='word_1_44' title='bbox 848 949 922 999; x_wconf 88' lang='lat' dir='ltr'>idem</span> <span class='ocrx_word' id='word_1_45' title='bbox 931 953 1018 1009; x_wconf 76' lang='lat' dir='ltr'>valeat,</span> 
     </span>
     <span class='ocr_line' id='line_1_8' title="bbox 325 1023 1049 1093; baseline -0.001 -19"><span class='ocrx_word' id='word_1_46' title='bbox 325 1025 375 1074; x_wconf 87' lang='lat' dir='ltr'>hoc</span> <span class='ocrx_word' id='word_1_47' title='bbox 395 1025 469 1074; x_wconf 91' lang='lat' dir='ltr'>modo</span> <span class='ocrx_word' id='word_1_48' title='bbox 489 1025 688 1093; x_wconf 83' lang='lat' dir='ltr'>:Rempublicam</span> <span class='ocrx_word' id='word_1_49' title='bbox 703 1023 819 1073; x_wconf 82' lang='lat' dir='ltr'>radicitus</span> <span class='ocrx_word' id='word_1_50' title='bbox 841 1024 974 1087; x_wconf 65' lang='lat' dir='ltr'>evertisti,</span> <span class='ocrx_word' id='word_1_51' title='bbox 990 1024 1018 1073; x_wconf 87' lang='lat' dir='ltr'>ci·</span> <span class='ocrx_word' id='word_1_52' title='bbox 1046 1034 1049 1039; x_wconf 89' lang='lat'>&#39;</span> 
     </span>
     <span class='ocr_line' id='line_1_9' title="bbox 325 1094 1018 1165; baseline 0 -18"><span class='ocrx_word' id='word_1_53' title='bbox 325 1098 423 1147; x_wconf 72' lang='lat' dir='ltr'>vitatem</span> <span class='ocrx_word' id='word_1_54' title='bbox 456 1099 549 1147; x_wconf 83' lang='lat' dir='ltr'>unditus</span> <span class='ocrx_word' id='word_1_55' title='bbox 571 1098 681 1165; x_wconf 76' lang='lat' dir='ltr'>dejecisti.</span> <span class='ocrx_word' id='word_1_56' title='bbox 703 1098 786 1154; x_wconf 85' lang='lat' dir='ltr'>Item,</span> <span class='ocrx_word' id='word_1_57' title='bbox 806 1094 916 1146; x_wconf 83' lang='lat' dir='ltr'>Patrem</span> <span class='ocrx_word' id='word_1_58' title='bbox 938 1094 1018 1164; x_wconf 73' lang='lat' dir='ltr'>pefecii</span> 
     </span>
     <span class='ocr_line' id='line_1_10' title="bbox 325 1167 1018 1238; baseline 0 -18"><span class='ocrx_word' id='word_1_59' title='bbox 325 1170 469 1232; x_wconf 69' lang='lat' dir='ltr'>verberasti,</span> <span class='ocrx_word' id='word_1_60' title='bbox 484 1172 581 1238; x_wconf 85' lang='lat' dir='ltr'>parenti</span> <span class='ocrx_word' id='word_1_61' title='bbox 599 1188 680 1220; x_wconf 81' lang='lat' dir='ltr'>manus</span> <span class='ocrx_word' id='word_1_62' title='bbox 698 1167 816 1236; x_wconf 71' lang='lat' dir='ltr'>scelerati</span> <span class='ocrx_word' id='word_1_63' title='bbox 835 1169 956 1233; x_wconf 84' lang='lat' dir='ltr'>intulisti.</span> <span class='ocrx_word' id='word_1_64' title='bbox 975 1172 1018 1220; x_wconf 89' lang='lat' dir='ltr'>Ne·</span> 
     </span>
     <span class='ocr_line' id='line_1_11' title="bbox 326 1244 1017 1310; baseline 0.003 -17"><span class='ocrx_word' id='word_1_65' title='bbox 326 1244 389 1293; x_wconf 79' lang='lat' dir='ltr'>cesse</span> <span class='ocrx_word' id='word_1_66' title='bbox 408 1244 442 1293; x_wconf 87' lang='lat' dir='ltr'>est</span> <span class='ocrx_word' id='word_1_67' title='bbox 461 1244 531 1309; x_wconf 87' lang='lat' dir='ltr'>ejus,</span> <span class='ocrx_word' id='word_1_68' title='bbox 552 1245 592 1310; x_wconf 89' lang='lat' dir='ltr'>qui</span> <span class='ocrx_word' id='word_1_69' title='bbox 613 1245 699 1300; x_wconf 90' lang='lat' dir='ltr'>audit,</span> <span class='ocrx_word' id='word_1_70' title='bbox 720 1244 826 1292; x_wconf 88' lang='lat' dir='ltr'>animum</span> <span class='ocrx_word' id='word_1_71' title='bbox 848 1244 1017 1303; x_wconf 86' lang='lat' dir='ltr'>commoveri,</span> 
     </span>
     <span class='ocr_line' id='line_1_12' title="bbox 326 1316 1018 1386; baseline 0.006 -21"><span class='ocrx_word' id='word_1_72' title='bbox 326 1334 400 1383; x_wconf 87' lang='lat' dir='ltr'>quum</span> <span class='ocrx_word' id='word_1_73' title='bbox 419 1319 524 1386; x_wconf 81' lang='lat' dir='ltr'>gravitas</span> <span class='ocrx_word' id='word_1_74' title='bbox 541 1317 627 1385; x_wconf 83' lang='lat' dir='ltr'>prioris</span> <span class='ocrx_word' id='word_1_75' title='bbox 643 1316 699 1367; x_wconf 77' lang='lat' dir='ltr'>ditti</span> <span class='ocrx_word' id='word_1_76' title='bbox 716 1329 855 1368; x_wconf 87' lang='lat' dir='ltr'>renovatur</span> <span class='ocrx_word' id='word_1_77' title='bbox 877 1318 1018 1386; x_wconf 84' lang='lat' dir='ltr'>interpreta-</span> 
     </span>
     <span class='ocr_line' id='line_1_13' title="bbox 325 1391 684 1442; baseline 0 -1"><span class='ocrx_word' id='word_1_78' title='bbox 325 1391 394 1442; x_wconf 88' lang='lat' dir='ltr'>tione</span> <span class='ocrx_word' id='word_1_79' title='bbox 411 1393 551 1442; x_wconf 89' lang='lat' dir='ltr'>verborum.</span> <span class='ocrx_word' id='word_1_80' title='bbox 682 1407 684 1410; x_wconf 58' lang='lat'><em>⁴</em></span> 
     </span>
    </p>

    <p class='ocr_par' dir='ltr' id='par_1_3' title="bbox 321 1463 1022 2697">
     <span class='ocr_line' id='line_1_14' title="bbox 364 1463 1020 1531; baseline 0 -16"><span class='ocrx_word' id='word_1_81' title='bbox 364 1479 409 1529; x_wconf 85' lang='lat'>39.</span> <span class='ocrx_word' id='word_1_82' title='bbox 430 1464 595 1516; x_wconf 81' lang='lat' dir='ltr'>Commutatio</span> <span class='ocrx_word' id='word_1_83' title='bbox 611 1464 660 1525; x_wconf 84' lang='lat' dir='ltr'>est,</span> <span class='ocrx_word' id='word_1_84' title='bbox 679 1481 752 1531; x_wconf 87' lang='lat' dir='ltr'>quum</span> <span class='ocrx_word' id='word_1_85' title='bbox 770 1463 826 1515; x_wconf 84' lang='lat' dir='ltr'>duae</span> <span class='ocrx_word' id='word_1_86' title='bbox 845 1464 978 1517; x_wconf 75' lang='lat' dir='ltr'>sententie</span> <span class='ocrx_word' id='word_1_87' title='bbox 991 1466 1020 1515; x_wconf 89' lang='lat' dir='ltr'>in·</span> 
     </span>
     <span class='ocr_line' id='line_1_15' title="bbox 325 1537 1020 1606; baseline 0.001 -18"><span class='ocrx_word' id='word_1_88' title='bbox 325 1549 365 1588; x_wconf 93' lang='lat' dir='ltr'>ter</span> <span class='ocrx_word' id='word_1_89' title='bbox 384 1539 408 1589; x_wconf 90' lang='lat' dir='ltr'>se</span> <span class='ocrx_word' id='word_1_90' title='bbox 430 1539 591 1606; x_wconf 84' lang='lat' dir='ltr'>discrepantes</span> <span class='ocrx_word' id='word_1_91' title='bbox 613 1557 644 1588; x_wconf 81' lang='lat' dir='ltr'>ex</span> <span class='ocrx_word' id='word_1_92' title='bbox 663 1537 840 1603; x_wconf 66' lang='lat' dir='ltr'>transiectione</span> <span class='ocrx_word' id='word_1_93' title='bbox 862 1539 900 1589; x_wconf 85' lang='lat' dir='ltr'>ita</span> <span class='ocrx_word' id='word_1_94' title='bbox 922 1539 1020 1590; x_wconf 84' lang='lat' dir='ltr'>efferun-</span> 
     </span>
     <span class='ocr_line' id='line_1_16' title="bbox 325 1612 1020 1679; baseline -0.001 -15"><span class='ocrx_word' id='word_1_95' title='bbox 325 1625 386 1668; x_wconf 89' lang='lat' dir='ltr'>tur,</span> <span class='ocrx_word' id='word_1_96' title='bbox 404 1626 453 1664; x_wconf 89' lang='lat' dir='ltr'>uta</span> <span class='ocrx_word' id='word_1_97' title='bbox 465 1615 546 1679; x_wconf 92' lang='lat' dir='ltr'>priore</span> <span class='ocrx_word' id='word_1_98' title='bbox 560 1612 694 1679; x_wconf 87' lang='lat' dir='ltr'>posterior,</span> <span class='ocrx_word' id='word_1_99' title='bbox 709 1612 832 1661; x_wconf 88' lang='lat' dir='ltr'>contraria</span> <span class='ocrx_word' id='word_1_100' title='bbox 849 1613 952 1679; x_wconf 88' lang='lat' dir='ltr'>priori,</span> <span class='ocrx_word' id='word_1_101' title='bbox 970 1630 1020 1679; x_wconf 85' lang='lat' dir='ltr'>pro-</span> 
     </span>
     <span class='ocr_line' id='line_1_17' title="bbox 325 1683 1018 1752; baseline 0.004 -18"><span class='ocrx_word' id='word_1_102' title='bbox 325 1683 463 1745; x_wconf 84' lang='lat' dir='ltr'>ficiscatur,</span> <span class='ocrx_word' id='word_1_103' title='bbox 485 1688 532 1737; x_wconf 89' lang='lat' dir='ltr'>hoc</span> <span class='ocrx_word' id='word_1_104' title='bbox 554 1687 629 1736; x_wconf 91' lang='lat' dir='ltr'>modo</span> <span class='ocrx_word' id='word_1_105' title='bbox 648 1704 654 1736; x_wconf 93' lang='lat'>:</span> <span class='ocrx_word' id='word_1_106' title='bbox 673 1683 727 1750; x_wconf 80' lang='lat' dir='ltr'>Effe</span> <span class='ocrx_word' id='word_1_107' title='bbox 748 1698 871 1752; x_wconf 79' lang='lat' dir='ltr'>oportet,</span> <span class='ocrx_word' id='word_1_108' title='bbox 891 1702 921 1737; x_wconf 81' lang='lat' dir='ltr'>ut</span> <span class='ocrx_word' id='word_1_109' title='bbox 938 1687 1018 1744; x_wconf 59' lang='lat' dir='ltr'>vivan·</span> 
     </span>
     <span class='ocr_line' id='line_1_18' title="bbox 325 1758 1019 1825; baseline 0.003 -18"><span class='ocrx_word' id='word_1_110' title='bbox 325 1776 374 1808; x_wconf 83' lang='lat' dir='ltr'>non</span> <span class='ocrx_word' id='word_1_111' title='bbox 391 1760 489 1817; x_wconf 75' lang='lat' dir='ltr'>vivere,</span> <span class='ocrx_word' id='word_1_112' title='bbox 509 1775 535 1808; x_wconf 86' lang='lat' dir='ltr'>ut</span> <span class='ocrx_word' id='word_1_113' title='bbox 553 1761 616 1808; x_wconf 83' lang='lat' dir='ltr'>edas.</span> <span class='ocrx_word' id='word_1_114' title='bbox 633 1761 715 1816; x_wconf 84' lang='lat' dir='ltr'>Item,</span> <span class='ocrx_word' id='word_1_115' title='bbox 733 1758 773 1807; x_wconf 75' lang='lat' dir='ltr'>Et</span> <span class='ocrx_word' id='word_1_116' title='bbox 794 1775 821 1807; x_wconf 81' lang='lat' dir='ltr'>re</span> <span class='ocrx_word' id='word_1_117' title='bbox 837 1761 962 1825; x_wconf 74' lang='lat' dir='ltr'>poe&#39;mm</span> <span class='ocrx_word' id='word_1_118' title='bbox 980 1778 1019 1811; x_wconf 82' lang='lat' dir='ltr'>aon</span> 
     </span>
     <span class='ocr_line' id='line_1_19' title="bbox 321 1829 1020 1901; baseline 0.001 -21"><span class='ocrx_word' id='word_1_119' title='bbox 321 1829 411 1897; x_wconf 56' lang='grc' dir='ltr'>βιοῖο,</span> <span class='ocrx_word' id='word_1_120' title='bbox 429 1833 483 1898; x_wconf 82' lang='lat' dir='ltr'>quia</span> <span class='ocrx_word' id='word_1_121' title='bbox 498 1833 624 1897; x_wconf 78' lang='lat' dir='ltr'>cujusmodi</span> <span class='ocrx_word' id='word_1_122' title='bbox 642 1832 698 1881; x_wconf 81' lang='grc' dir='ltr'>νοίὁ</span> <span class='ocrx_word' id='word_1_123' title='bbox 713 1850 761 1880; x_wconf 84' lang='lat' dir='ltr'>non</span> <span class='ocrx_word' id='word_1_124' title='bbox 773 1829 871 1898; x_wconf 76' lang='lat' dir='ltr'>poffum</span> <span class='ocrx_word' id='word_1_125' title='bbox 886 1852 897 1892; x_wconf 70' lang='grc' dir='ltr'><strong><em>ς</em></strong></span> <span class='ocrx_word' id='word_1_126' title='bbox 914 1831 1020 1901; x_wconf 75' lang='lat' dir='ltr'>cujusmo-</span> 
     </span>
     <span class='ocr_line' id='line_1_20' title="bbox 326 1903 1021 1977; baseline 0.004 -26"><span class='ocrx_word' id='word_1_127' title='bbox 326 1904 352 1952; x_wconf 83' lang='lat' dir='ltr'>di</span> <span class='ocrx_word' id='word_1_128' title='bbox 362 1903 451 1972; x_wconf 79' lang='lat' dir='ltr'>poffiem</span> <span class='ocrx_word' id='word_1_129' title='bbox 465 1906 531 1956; x_wconf 85' lang='lat' dir='ltr'>nolo.</span> <span class='ocrx_word' id='word_1_130' title='bbox 550 1907 630 1963; x_wconf 82' lang='lat' dir='ltr'>Item,</span> <span class='ocrx_word' id='word_1_131' title='bbox 651 1905 709 1977; x_wconf 70' lang='lat' dir='ltr'>Qun</span> <span class='ocrx_word' id='word_1_132' title='bbox 727 1906 755 1952; x_wconf 81' lang='lat' dir='ltr'>de</span> <span class='ocrx_word' id='word_1_133' title='bbox 767 1904 814 1954; x_wconf 87' lang='lat' dir='ltr'>illo</span> <span class='ocrx_word' id='word_1_134' title='bbox 827 1907 966 1965; x_wconf 71' lang='lat' dir='ltr'>dicuntur,</span> <span class='ocrx_word' id='word_1_135' title='bbox 980 1905 1021 1956; x_wconf 82' lang='lat' dir='ltr'>dici</span> 
     </span>
     <span class='ocr_line' id='line_1_21' title="bbox 325 1975 1020 2046; baseline 0.003 -19"><span class='ocrx_word' id='word_1_136' title='bbox 325 1995 373 2027; x_wconf 83' lang='lat' dir='ltr'>non</span> <span class='ocrx_word' id='word_1_137' title='bbox 392 1976 487 2045; x_wconf 82' lang='lat' dir='ltr'>poffimt</span> <span class='ocrx_word' id='word_1_138' title='bbox 506 1997 516 2037; x_wconf 93' lang='lat'>‚·</span> <span class='ocrx_word' id='word_1_139' title='bbox 541 1997 588 2044; x_wconf 81' lang='lat' dir='ltr'>quae</span> <span class='ocrx_word' id='word_1_140' title='bbox 614 1979 661 2027; x_wconf 83' lang='lat' dir='ltr'>dici</span> <span class='ocrx_word' id='word_1_141' title='bbox 681 1975 803 2046; x_wconf 83' lang='lat' dir='ltr'>poffunt,</span> <span class='ocrx_word' id='word_1_142' title='bbox 825 1996 881 2031; x_wconf 77' lang='lat' dir='ltr'>non</span> <span class='ocrx_word' id='word_1_143' title='bbox 904 1982 1020 2031; x_wconf 77' lang='lat' dir='ltr'>dicuntur.</span> 
     </span>
     <span class='ocr_line' id='line_1_22' title="bbox 326 2042 1022 2120; baseline 0.007 -21"><span class='ocrx_word' id='word_1_144' title='bbox 326 2050 407 2109; x_wconf 87' lang='lat' dir='ltr'>Item,</span> <span class='ocrx_word' id='word_1_145' title='bbox 423 2052 452 2101; x_wconf 81' lang='lat' dir='ltr'>Si</span> <span class='ocrx_word' id='word_1_146' title='bbox 464 2042 550 2119; x_wconf 59' lang='lat' dir='ltr'>poima</span> <span class='ocrx_word' id='word_1_147' title='bbox 566 2052 664 2117; x_wconf 81' lang='lat' dir='ltr'>loquens</span> <span class='ocrx_word' id='word_1_148' title='bbox 676 2052 767 2119; x_wconf 69' lang='lat' dir='ltr'>pic&#39;iura</span> <span class='ocrx_word' id='word_1_149' title='bbox 782 2052 832 2113; x_wconf 81' lang='lat' dir='ltr'>est,</span> <span class='ocrx_word' id='word_1_150' title='bbox 847 2052 949 2120; x_wconf 60' lang='lat' dir='ltr'>pistura</span> <span class='ocrx_word' id='word_1_151' title='bbox 963 2055 1022 2104; x_wconf 82' lang='lat' dir='ltr'>taci-</span> 
     </span>
     <span class='ocr_line' id='line_1_23' title="bbox 326 2124 1021 2196; baseline 0.007 -24"><span class='ocrx_word' id='word_1_152' title='bbox 326 2138 374 2173; x_wconf 84' lang='lat' dir='ltr'>tum</span> <span class='ocrx_word' id='word_1_153' title='bbox 387 2126 472 2190; x_wconf 70' lang='lat' dir='ltr'>poima</span> <span class='ocrx_word' id='word_1_154' title='bbox 488 2125 555 2175; x_wconf 77' lang='lat' dir='ltr'>debet</span> <span class='ocrx_word' id='word_1_155' title='bbox 572 2124 624 2192; x_wconf 79' lang='lat' dir='ltr'>effe.</span> <span class='ocrx_word' id='word_1_156' title='bbox 642 2127 723 2183; x_wconf 87' lang='lat' dir='ltr'>Item,</span> <span class='ocrx_word' id='word_1_157' title='bbox 744 2124 810 2196; x_wconf 83' lang='lat' dir='ltr'>Quia</span> <span class='ocrx_word' id='word_1_158' title='bbox 820 2126 918 2187; x_wconf 77' lang='lat' dir='ltr'>stultus</span> <span class='ocrx_word' id='word_1_159' title='bbox 937 2146 980 2185; x_wconf 78' lang='lat' dir='ltr'>es,</span> <span class='ocrx_word' id='word_1_160' title='bbox 997 2126 1021 2177; x_wconf 72' lang='grc' dir='ltr'><em>Α</em></span> 
     </span>
     <span class='ocr_line' id='line_1_24' title="bbox 325 2199 1022 2267; baseline 0.004 -20"><span class='ocrx_word' id='word_1_161' title='bbox 325 2214 351 2247; x_wconf 82' lang='lat' dir='ltr'>rc</span> <span class='ocrx_word' id='word_1_162' title='bbox 368 2213 432 2247; x_wconf 74' lang='lat' dir='ltr'>taces</span> <span class='ocrx_word' id='word_1_163' title='bbox 449 2217 458 2257; x_wconf 81' lang='lat'>‚¹</span> <span class='ocrx_word' id='word_1_164' title='bbox 478 2217 526 2248; x_wconf 82' lang='lat' dir='ltr'>non</span> <span class='ocrx_word' id='word_1_165' title='bbox 547 2215 643 2254; x_wconf 81' lang='lat' dir='ltr'>tumen,</span> <span class='ocrx_word' id='word_1_166' title='bbox 663 2199 716 2266; x_wconf 82' lang='lat' dir='ltr'>quia</span> <span class='ocrx_word' id='word_1_167' title='bbox 739 2213 820 2257; x_wconf 78' lang='lat' dir='ltr'>taces,</span> <span class='ocrx_word' id='word_1_168' title='bbox 841 2201 876 2249; x_wconf 68' lang='lat' dir='ltr'>ed</span> <span class='ocrx_word' id='word_1_169' title='bbox 894 2219 923 2251; x_wconf 76' lang='lat' dir='ltr'>re</span> <span class='ocrx_word' id='word_1_170' title='bbox 941 2202 1022 2267; x_wconf 73' lang='lat' dir='ltr'>finiam</span> 
     </span>
     <span class='ocr_line' id='line_1_25' title="bbox 326 2271 1021 2343; baseline 0.009 -23"><span class='ocrx_word' id='word_1_171' title='bbox 326 2288 359 2321; x_wconf 80' lang='lat' dir='ltr'>cs.</span> <span class='ocrx_word' id='word_1_172' title='bbox 377 2272 435 2321; x_wconf 93' lang='lat' dir='ltr'>Non</span> <span class='ocrx_word' id='word_1_173' title='bbox 452 2272 531 2338; x_wconf 86' lang='lat' dir='ltr'>potest</span> <span class='ocrx_word' id='word_1_174' title='bbox 552 2274 619 2332; x_wconf 85' lang='lat' dir='ltr'>dici,</span> <span class='ocrx_word' id='word_1_175' title='bbox 639 2274 694 2339; x_wconf 89' lang='lat' dir='ltr'>quin</span> <span class='ocrx_word' id='word_1_176' title='bbox 715 2271 844 2322; x_wconf 74' lang='lat' dir='ltr'>commode</span> <span class='ocrx_word' id='word_1_177' title='bbox 864 2273 933 2335; x_wconf 86' lang='lat' dir='ltr'>fiat,</span> <span class='ocrx_word' id='word_1_178' title='bbox 953 2292 1021 2343; x_wconf 81' lang='lat' dir='ltr'>quun</span> 
     </span>
     <span class='ocr_line' id='line_1_26' title="bbox 325 2345 1022 2417; baseline 0.007 -22"><span class='ocrx_word' id='word_1_179' title='bbox 325 2347 456 2396; x_wconf 79' lang='lat' dir='ltr'>contrariae</span> <span class='ocrx_word' id='word_1_180' title='bbox 477 2347 601 2397; x_wconf 69' lang='lat' dir='ltr'>sententie</span> <span class='ocrx_word' id='word_1_181' title='bbox 623 2345 800 2404; x_wconf 85' lang='lat' dir='ltr'>transsatione,</span> <span class='ocrx_word' id='word_1_182' title='bbox 824 2350 908 2399; x_wconf 88' lang='lat' dir='ltr'>verba</span> <span class='ocrx_word' id='word_1_183' title='bbox 928 2364 1022 2417; x_wconf 80' lang='lat' dir='ltr'>quoque</span> 
     </span>
     <span class='ocr_line' id='line_1_27' title="bbox 325 2420 1020 2487; baseline 0.009 -18"><span class='ocrx_word' id='word_1_184' title='bbox 325 2433 510 2470; x_wconf 85' lang='lat' dir='ltr'>convertantur.</span> <span class='ocrx_word' id='word_1_185' title='bbox 536 2420 606 2470; x_wconf 86' lang='lat' dir='ltr'>Plura</span> <span class='ocrx_word' id='word_1_186' title='bbox 631 2420 772 2485; x_wconf 82' lang='lat' dir='ltr'>subjecimus</span> <span class='ocrx_word' id='word_1_187' title='bbox 799 2424 919 2487; x_wconf 86' lang='lat' dir='ltr'>exempla</span> <span class='ocrx_word' id='word_1_188' title='bbox 938 2458 949 2481; x_wconf 87' lang='lat'>,</span> <span class='ocrx_word' id='word_1_189' title='bbox 975 2436 1020 2479; x_wconf 82' lang='lat' dir='ltr'>ut,</span> 
     </span>
     <span class='ocr_line' id='line_1_28' title="bbox 324 2492 1022 2560; baseline 0.009 -19"><span class='ocrx_word' id='word_1_190' title='bbox 324 2494 438 2558; x_wconf 82' lang='lat' dir='ltr'>quoniam</span> <span class='ocrx_word' id='word_1_191' title='bbox 457 2492 555 2542; x_wconf 86' lang='lat' dir='ltr'>difficile</span> <span class='ocrx_word' id='word_1_192' title='bbox 577 2494 609 2542; x_wconf 88' lang='lat' dir='ltr'>est</span> <span class='ocrx_word' id='word_1_193' title='bbox 628 2494 676 2542; x_wconf 86' lang='lat' dir='ltr'>hoc</span> <span class='ocrx_word' id='word_1_194' title='bbox 695 2510 771 2560; x_wconf 84' lang='lat' dir='ltr'>genus</span> <span class='ocrx_word' id='word_1_195' title='bbox 790 2498 970 2549; x_wconf 76' lang='lat' dir='ltr'>exornationis</span> <span class='ocrx_word' id='word_1_196' title='bbox 986 2498 1022 2547; x_wconf 90' lang='lat' dir='ltr'>in·</span> 
     </span>
     <span class='ocr_line' id='line_1_29' title="bbox 324 2565 1022 2632; baseline 0.01 -17"><span class='ocrx_word' id='word_1_197' title='bbox 324 2579 421 2621; x_wconf 85' lang='lat' dir='ltr'>ventu,</span> <span class='ocrx_word' id='word_1_198' title='bbox 440 2565 568 2615; x_wconf 89' lang='lat' dir='ltr'>dilucidum</span> <span class='ocrx_word' id='word_1_199' title='bbox 581 2566 658 2624; x_wconf 83' lang='lat' dir='ltr'>effet3</span> <span class='ocrx_word' id='word_1_200' title='bbox 672 2578 715 2624; x_wconf 89' lang='lat' dir='ltr'>ut,</span> <span class='ocrx_word' id='word_1_201' title='bbox 731 2583 805 2632; x_wconf 87' lang='lat' dir='ltr'>quum</span> <span class='ocrx_word' id='word_1_202' title='bbox 822 2568 892 2619; x_wconf 85' lang='lat' dir='ltr'>bene</span> <span class='ocrx_word' id='word_1_203' title='bbox 910 2570 974 2623; x_wconf 78' lang='lat' dir='ltr'>effet</span> <span class='ocrx_word' id='word_1_204' title='bbox 986 2570 1022 2621; x_wconf 82' lang='lat' dir='ltr'>in·</span> 
     </span>
     <span class='ocr_line' id='line_1_30' title="bbox 324 2638 1008 2697; baseline 0.01 -8"><span class='ocrx_word' id='word_1_205' title='bbox 324 2639 466 2697; x_wconf 70' lang='lat' dir='ltr'>tellettum,</span> <span class='ocrx_word' id='word_1_206' title='bbox 486 2638 577 2688; x_wconf 77' lang='lat' dir='ltr'>facilius</span> <span class='ocrx_word' id='word_1_207' title='bbox 593 2640 617 2688; x_wconf 91' lang='lat' dir='ltr'>in</span> <span class='ocrx_word' id='word_1_208' title='bbox 634 2640 738 2688; x_wconf 89' lang='lat' dir='ltr'>dicendo</span> <span class='ocrx_word' id='word_1_209' title='bbox 755 2640 926 2695; x_wconf 77' lang='lat' dir='ltr'>inveniretur.</span> <span class='ocrx_word' id='word_1_210' title='bbox 1004 2678 1008 2683; x_wconf 96' lang='lat'>-</span> 
     </span>
    </p>

    <p class='ocr_par' dir='ltr' id='par_1_4' title="bbox 325 2712 1028 3082">
     <span class='ocr_line' id='line_1_31' title="bbox 362 2712 1024 2779; baseline 0.011 -19"><span class='ocrx_word' id='word_1_211' title='bbox 362 2712 478 2761; x_wconf 82' lang='lat' dir='ltr'><strong>XXIX.</strong></span> <span class='ocrx_word' id='word_1_212' title='bbox 498 2712 626 2763; x_wconf 79' lang='lat' dir='ltr'>Permissio</span> <span class='ocrx_word' id='word_1_213' title='bbox 648 2713 681 2763; x_wconf 86' lang='lat' dir='ltr'>est</span> <span class='ocrx_word' id='word_1_214' title='bbox 701 2748 708 2773; x_wconf 90' lang='lat'>,</span> <span class='ocrx_word' id='word_1_215' title='bbox 732 2731 805 2779; x_wconf 87' lang='lat' dir='ltr'>quum</span> <span class='ocrx_word' id='word_1_216' title='bbox 828 2714 1024 2769; x_wconf 74' lang='lat' dir='ltr'>ostendimusin</span> 
     </span>
     <span class='ocr_line' id='line_1_32' title="bbox 325 2786 1024 2853; baseline 0.01 -17"><span class='ocrx_word' id='word_1_217' title='bbox 325 2786 430 2838; x_wconf 89' lang='lat' dir='ltr'>dicendo</span> <span class='ocrx_word' id='word_1_218' title='bbox 448 2803 491 2836; x_wconf 86' lang='lat' dir='ltr'>nos</span> <span class='ocrx_word' id='word_1_219' title='bbox 509 2788 611 2853; x_wconf 84' lang='lat' dir='ltr'>aliquam</span> <span class='ocrx_word' id='word_1_220' title='bbox 627 2805 678 2838; x_wconf 89' lang='lat' dir='ltr'>rem</span> <span class='ocrx_word' id='word_1_221' title='bbox 697 2799 774 2837; x_wconf 92' lang='lat' dir='ltr'>totam</span> <span class='ocrx_word' id='word_1_222' title='bbox 791 2788 899 2841; x_wconf 79' lang='lat' dir='ltr'>tradere</span> <span class='ocrx_word' id='word_1_223' title='bbox 919 2792 949 2845; x_wconf 58' lang='grc' dir='ltr'><strong>ἃ</strong></span> <span class='ocrx_word' id='word_1_224' title='bbox 965 2808 1024 2843; x_wconf 81' lang='lat' dir='ltr'>eon·</span> 
     </span>
     <span class='ocr_line' id='line_1_33' title="bbox 326 2858 1025 2932; baseline 0.003 -19"><span class='ocrx_word' id='word_1_225' title='bbox 326 2863 415 2913; x_wconf 82' lang='lat' dir='ltr'>cedere</span> <span class='ocrx_word' id='word_1_226' title='bbox 432 2858 532 2923; x_wconf 79' lang='lat' dir='ltr'>alicujus</span> <span class='ocrx_word' id='word_1_227' title='bbox 551 2862 687 2919; x_wconf 81' lang='lat' dir='ltr'>voluntati,</span> <span class='ocrx_word' id='word_1_228' title='bbox 701 2861 757 2912; x_wconf 85' lang='lat' dir='ltr'>sic:</span> <span class='ocrx_word' id='word_1_229' title='bbox 774 2860 904 2932; x_wconf 77' lang='lat' dir='ltr'>Quonim</span> <span class='ocrx_word' id='word_1_230' title='bbox 919 2866 1025 2917; x_wconf 71' lang='lat' dir='ltr'>omnibns</span> 
     </span>
     <span class='ocr_line' id='line_1_34' title="bbox 325 2926 1025 3011; baseline 0 -23"><span class='ocrx_word' id='word_1_231' title='bbox 325 2938 393 2988; x_wconf 85' lang='lat' dir='ltr'>rebus</span> <span class='ocrx_word' id='word_1_232' title='bbox 403 2935 488 3004; x_wconf 81' lang='lat' dir='ltr'>ereptis</span> <span class='ocrx_word' id='word_1_233' title='bbox 498 2969 507 2990; x_wconf 91' lang='lat'>,</span> <span class='ocrx_word' id='word_1_234' title='bbox 517 2931 624 3000; x_wconf 76' lang='lat' dir='ltr'>superest</span> <span class='ocrx_word' id='word_1_235' title='bbox 634 2935 723 2984; x_wconf 81' lang='lat' dir='ltr'>animus</span> <span class='ocrx_word' id='word_1_236' title='bbox 735 2936 758 2983; x_wconf 80' lang='lat' dir='ltr'>d·</span> <span class='ocrx_word' id='word_1_237' title='bbox 769 2953 873 3003; x_wconf 82' lang='lat' dir='ltr'>corpus,</span> <span class='ocrx_word' id='word_1_238' title='bbox 891 2926 1025 3011; x_wconf 65' lang='lat' dir='ltr'>dae-ipre,</span> 
     </span>
     <span class='ocr_line' id='line_1_35' title="bbox 325 3005 1028 3082; baseline 0.001 -20"><span class='ocrx_word' id='word_1_239' title='bbox 325 3032 374 3082; x_wconf 54' lang='grc' dir='ltr'>,ιιι</span> <span class='ocrx_word' id='word_1_240' title='bbox 390 3010 488 3063; x_wconf 76' lang='lat' dir='ltr'>nitide</span> <span class='ocrx_word' id='word_1_241' title='bbox 503 3008 582 3061; x_wconf 75' lang='lat' dir='ltr'>multis</span> <span class='ocrx_word' id='word_1_242' title='bbox 594 3005 651 3078; x_wconf 72' lang='lat' dir='ltr'>sola</span> <span class='ocrx_word' id='word_1_243' title='bbox 664 3008 746 3060; x_wconf 67' lang='lat' dir='ltr'>relicta</span> <span class='ocrx_word' id='word_1_244' title='bbox 757 3005 833 3077; x_wconf 78' lang='lat' dir='ltr'>sune,</span> <span class='ocrx_word' id='word_1_245' title='bbox 850 3010 925 3067; x_wconf 64' lang='lat' dir='ltr'>rotis</span> <span class='ocrx_word' id='word_1_246' title='bbox 937 3012 1028 3068; x_wconf 71' lang='lat' dir='ltr'>&amp;rcc-</span> 
     </span>
    </p>
   </div>
   <div class='ocr_carea' id='block_1_3' title="bbox 0 0 1206 4067">
    <p class='ocr_par' dir='ltr' id='par_1_5' title="bbox 0 0 1206 4067">
     <span class='ocr_line' id='line_1_36' title="bbox 0 0 1206 4067; baseline 0 0"><span class='ocrx_word' id='word_1_247' title='bbox 0 0 1206 4067; x_wconf 95' lang='lat' dir='ltr'> </span> 
     </span>
    </p>
   </div>
  </div>
 </body>
</html>
