2400 4067
328 483 404 573 246
443 482 529 574 ,Da
555 483 884 552 Iraruurrout

326 599 437 660 malum
453 615 554 680 putant
569 619 578 671 ;
596 613 644 657 aut
662 596 786 671 contri,
825 596 887 658 uod
905 598 1019 664 malunt

330 677 390 752 est,
405 679 516 739 bonum
529 702 536 739 :
551 695 598 739 aut
610 677 690 761 quod
702 698 754 738 nec
765 618 873 740 maium
884 677 945 754 est,
962 700 1018 742 nec

328 759 467 835 bonum,
488 760 622 834 malum,
646 776 694 819 aut
718 759 829 819 bonum
843 781 850 819 τ
866 776 916 820 aut
937 761 1020 842 quoti

329 841 439 902 malum
451 887 461 917 ,
481 859 529 903 aut
542 842 654 905 bonum
667 839 728 916 est,
745 861 799 904 nec
812 841 943 918 malum,
963 862 1020 908 nee

329 921 452 985 bonum.

372 1024 419 1063 22.
433 1004 501 1063 Hoc
512 1001 659 1064 intelletio
675 1047 684 1077 ‚
704 1000 728 1063 si
739 1003 801 1084 quis
813 1002 955 1085 negabit,
974 1004 1020 1065 ul·

329 1083 388 1145 lnn
399 1083 454 1146 effe
465 1086 639 1165 pecuniam,
655 1082 766 1157 fratris,
782 1100 831 1147 aut¹
840 1087 924 1143 amici
937 1085 1019 1158 vita,

330 1181 379 1224 aut
399 1164 523 1245 denique
541 1162 639 1224 officio
659 1164 709 1225 suo
730 1166 950 1245 antiquiorem,
972 1181 1021 1230 aut

329 1243 516 1318 suaviorem,
533 1264 593 1306 non
607 1246 659 1306 erit
670 1246 727 1304 hoc
740 1245 897 1305 accusatori
909 1266 1019 1329 negan-

332 1325 429 1386 dum:
450 1347 517 1389 nam
538 1327 567 1385 in
590 1345 658 1385 eum
680 1324 792 1406 culpa,
819 1327 851 1386 &
875 1324 1018 1388 summum

332 1405 433 1466 odium
459 1405 672 1480 trans-seretur,
698 1407 823 1489 quiid,
850 1407 932 1487 quod
960 1425 1018 1469 tam

331 1488 423 1563 vere,
446 1488 476 1547 &
516 1488 541 1547 ἱὲ
555 1489 687 1559 dicetur,
707 1489 834 1568 negabit.
853 1487 971 1549 Verum
987 1490 1023 1550 il«

331 1567 383 1631 lud
396 1510 551 1629 dicensstm
565 1569 639 1640 erit,
658 1568 698 1626 illi
714 1588 774 1626 non
786 1565 841 1628 effe
852 1570 893 1628 ita
909 1569 1020 1631 visum:-

332 1649 414 1731 quod
431 1648 501 1710 sumi
519 1666 637 1730 oportet
654 1668 690 1709 ex
708 1650 764 1719 iis,
785 1668 848 1727 quae
867 1649 905 1707 ad
920 1650 990 1730 pets
1007 1683 1021 1702 ·

332 1752 401 1793 nam
417 1738 423 1746 '
438 1734 580 1802 ertinent,
600 1730 636 1789 de
653 1749 710 1808 quo
722 1726 786 1809 post
799 1729 1022 1795 dicendumest.

375 1752 446 1870 Vss.
468 1810 597 1871 Eventus
618 1826 713 1868 autem
732 1827 794 1871 tum
813 1809 910 1885 fallit,
931 1833 1025 1894 quum

332 1889 414 1952 aliter
425 1891 549 1961 accidit,
565 1906 650 1970 atque
664 1892 703 1963 ii,
721 1892 770 1972 qui
784 1909 961 1972 arguuntur,
980 1917 1023 1955 ar·

332 1971 430 2030 bitrati
449 1969 505 2030 esse
526 1970 658 2030 dicuntur
678 1992 685 2029 :
706 1988 761 2044 ut,
784 1975 807 2031 si
827 1974 889 2052 quis
912 1973 1023 2038 dicatur

334 2045 422 2111 alium
437 2050 593 2124 occidisse,
613 2074 646 2110 ac
657 2052 805 2127 voluerit,
825 2052 904 2132 quod
921 2072 971 2115 aut
984 2060 1024 2118 si·

334 2132 519 2205 militudine,
542 2149 591 2191 aut
609 2132 786 2215 suspicione,
807 2150 856 2192 aut
878 2134 1023 2198 demons-

329 2216 460 2284 tratione
480 2212 552 2280 falsa
572 2214 710 2297 deceptus
729 2219 766 2276 sit
785 2235 793 2275 ε
812 2231 861 2275 aut
880 2233 950 2277 eutn
968 2238 1027 2282 ne.

335 2298 436 2374 caffe,
463 2296 543 2379 cujus
567 2296 741 2360 testamento
768 2318 830 2358 non
855 2299 889 2358 sit
912 2300 1025 2378 heres,

335 2382 416 2464 quod
434 2378 496 2461 ejus
511 2378 683 2440 testamento
700 2377 727 2439 se
745 2378 885 2439 heredem
902 2381 1025 2444 arbitra·

335 2480 381 2524 tus
399 2466 443 2522 sit.
463 2460 533 2519 Non
545 2463 622 2521 enim
640 2480 676 2521 ex
687 2475 793 2522 eventu
811 2462 1024 2540 cogitationem

335 2544 619 2626 speciarioportere,
634 2538 747 2618 sedqua
756 2542 934 2621 cogitatione
944 2549 1027 2618 ,ani.
1056 2591 1060 2596 .

336 2645 411 2695 tno,
433 2620 531 2702 &spe
549 2621 586 2681 ad
605 2617 776 2680 maleficium
796 2620 945 2703 profecius
964 2630 1025 2703 sit,

337 2700 543 2774 considerare;
567 2702 678 2781 &quo
700 2700 797 2760 animo
818 2703 888 2783 quid
904 2705 1027 2790 quisque

336 2783 444 2880 faciat,
464 2802 526 2845 non
542 2801 599 2865 quo
612 2778 679 2846 casu
692 2797 787 2844 utatur
800 2826 810 2859 ,
830 2783 867 2846 ad
879 2804 943 2850 rem
954 2809 1027 2872 pexa

360 2884 410 2924 ner
431 2906 439 2923 .

327 2878 359 3010 ,u
379 2883 428 3018 as.
441 2938 475 3001 In
489 2940 548 3003 hoc
560 2959 658 3005 autem
670 2942 761 3018 loco,
782 2961 868 3027 caput
883 2946 955 3010 illud
972 2953 1033 3017 erit·

229 3021 496 3228 4¹4⁰st
504 3068 516 3101 ,
530 3025 555 3092 ti
565 3024 760 3094 demonstrare
772 3028 900 3111 poterit,
912 3031 961 3098 alii
972 3054 1030 3101 ue·

397 3241 403 3264 ,
958 3232 961 3237 .
