2400 4067
449 477 744 545 T0p1cn
859 493 934 566 μς

254 594 322 673 qui,
334 592 403 671 quia
415 589 571 674 conjugata
579 592 670 652 verba
679 589 768 652 essent
777 590 894 671 pluvia,
905 592 937 650 δ’(

254 672 405 755 pineudo,
418 673 544 745 diceret,
554 694 677 732 ornnem
685 692 790 753 aqum
799 687 939 752 oportere

254 754 364 827 arceri,
381 774 445 833 que
457 753 588 833 pluendo
601 751 744 815 crevisset.

298 851 346 913 39.
365 832 469 914 Quum
481 852 580 894 autern
594 857 612 894 a
629 853 738 916 genere
755 832 880 893 ducetur
890 852 940 891 ar·

254 932 450 998 gementum,
474 936 536 976 nou
555 916 611 977 erit
630 913 746 978 uecess'e
765 914 798 974 id
813 912 904 1015 usque
919 933 938 972 a

254 993 831 1158 iuniii‘giiii‘offi‘ssrissss
848 995 937 1157 inii

254 1158 305 1232 id,
323 1158 362 1217 ad
373 1158 456 1239 quod
467 1157 605 1231 sumitur3
623 1175 655 1218 ut
668 1180 743 1240 aqua
755 1159 853 1238 pluvia
868 1155 938 1214 ulti·

253 1260 305 1298 mo
324 1259 433 1320 genere
452 1260 486 1299 ea
499 1238 561 1311 est,
584 1261 649 1321 quae
668 1239 706 1300 de
719 1239 797 1300 coelo
813 1239 936 1300 venient

253 1317 469 1408 crescitimbri:
491 1318 541 1379 sed
556 1323 696 1401 propiore
716 1321 803 1393 loco,
824 1321 855 1378 in
874 1339 936 1398 quo

255 1403 336 1480 quasi
355 1422 402 1478 jus
418 1400 534 1461 arcendi
552 1404 741 1473 continetur,
781 1421 853 1460 enus
874 1398 936 1471 est,

254 1479 754 1562 aquapiuviauocenszejusgenetis
793 1479 937 1551 tmae‚ioci

254 1564 340 1635 vitio,
350 1562 383 1623 &
391 1583 477 1622 manu
487 1582 598 1622 nocens
609 1583 617 1620 ε
629 1582 751 1642 quarum
758 1561 847 1620 altera
854 1558 939 1638 jubez

254 1658 301 1703 tur
311 1643 349 1702 ab
361 1640 469 1702 arbitro
479 1645 625 1714 coerceri,
638 1641 729 1702 altera
738 1661 799 1702 non
812 1639 937 1720 jubetur.

295 1741 346 1798 40.
360 1721 531 1784 Common
542 1725 630 1784 etiam
639 1722 772 1782 traiiatur
780 1723 842 1781 htec
850 1742 939 1803 argu·

254 1807 417 1878 mentatio,
478 1827 501 1864 ae
515 1825 551 1865 ex
569 1825 677 1886 genere
691 1803 825 1878 sumitur,
847 1822 938 1885 quum

256 1905 292 1947 ex
304 1900 370 1945 toto
381 1905 418 1964 pe
446 1907 552 1967 equare
565 1903 680 1966 partes,
700 1886 758 1946 hoc
774 1884 886 1946 modo:
906 1882 937 1943 Si

255 1966 342 2025 dolus
359 1967 450 2026 malus
465 1966 526 2042 est,
544 1989 633 2047 quum
647 1967 724 2027 aliud
737 1970 846 2046 agitur,
859 1965 937 2025 aliud

255 2048 422 2120 simulatur3
437 2068 606 2108 enumerare
620 2049 704 2122 licet,
719 2034 822 2128 quibus
833 2046 864 2105 id
874 2066 940 2105 mo·

256 2128 301 2186 dis
324 2126 395 2200 fiat3
422 2128 529 2189 deinde
552 2131 582 2186 in
606 2147 708 2188 eorum
734 2128 860 2209 aliquem
885 2126 936 2200 id,
972 2160 975 2165 ·

255 2208 337 2290 quod
351 2230 452 2290 arguas
462 2208 534 2267 dolo
545 2208 626 2265 malo
633 2207 739 2266 fastum
749 2251 759 2280 ‚
771 2206 936 2266 includeret

254 2289 337 2372 quod
360 2309 452 2371 genus
473 2289 633 2370 argumenti
653 2289 684 2346 in
704 2288 803 2366 primis
822 2283 937 2347 iirmum

254 2370 351 2430 videri
367 2369 451 2429 solet.

296 2450 337 2511 X.
354 2446 519 2527 Similitudo
534 2446 677 2530 sequitur,
694 2468 758 2529 quae
772 2445 830 2506 late
841 2461 939 2528 patet3

253 2530 307 2593 sed
318 2530 479 2593 oratoribus
492 2531 524 2591 &
536 2527 713 2612 philosophis
724 2530 814 2612 magis
824 2573 833 2602 ,
851 2527 938 2611 quim

255 2612 355 2674 vobis.
386 2612 446 2673 Etsi
457 2615 650 2673 enimomnes
664 2611 722 2672 ioci
734 2608 798 2671 sunt
807 2611 939 2671 omnium

254 2693 482 2773 disputationum
492 2693 529 2752 ad
539 2710 709 2775 argumenta
718 2690 769 2774 sup
792 2691 938 2764 editandn,

255 2790 356 2831 tamen
369 2774 428 2830 aliis
441 2773 677 2852 disputationibus
689 2714 877 2833 muniamus
887 2792 939 2831 oc·

257 2866 391 2922 currunt,
405 2852 464 2909 aliis
474 2851 626 2931 angustiis.
655 2851 756 2935 Itaque
768 2873 877 2936 genera
888 2850 939 2908 tibi

258 2945 331 2990 nota
342 2931 415 2988 sint:
429 2930 479 2988 ubi
493 2949 589 2989 autem
602 2932 644 2992 his
657 2948 756 3007 utare,
770 2929 940 3015 questiones

257 3008 326 3096 ipsae
340 3026 369 3072 te
381 3009 589 3083 admonebunt.
719 3091 738 3154 S
769 3087 775 3100 ι

748 3111 776 3172 u]
