2400 4067
308 495 602 562 RnaronrcA
629 498 729 565 Lrn.
754 499 809 567 II.
860 519 935 590 279

298 609 347 683 78.
365 608 480 669 Relatio
494 612 618 670 criminis
631 609 672 671 est
684 655 693 684 ,
709 631 800 692 quum
813 632 877 672 reus
889 613 940 686 id,

256 691 337 770 quod
353 693 501 770 arguitur,
521 689 687 765 confessus,
712 693 826 751 alterius
843 691 872 751 se
891 696 939 751 in-

257 770 373 829 duflum
392 787 538 850 peccato,
558 770 622 852 jure
640 770 736 832 feciffe
754 769 941 832 demonstrat.

258 849 301 909 Ea
322 850 362 916 est
376 849 539 931 hujusmodi
553 874 560 910 τ
576 850 714 912 Horatius
731 855 834 912 occisis
851 852 941 912 tribus

257 930 411 1004 Curiatiis,
425 932 458 991 &
471 932 585 992 duobus
598 937 706 992 amissis
718 931 869 1006 fratribus,
887 933 943 992 do·-

257 1032 339 1070 mum
351 1011 380 1071 fe
396 1011 490 1073 vidior
504 1016 621 1094 recepit.
640 1013 667 1073 Is
681 1014 883 1074 animadvertit
895 1013 942 1072 fo-

254 1113 352 1152 rorem
371 1090 449 1152 suam
468 1093 504 1154 de
523 1093 641 1154 fratrum
661 1112 756 1156 morte
774 1117 835 1155 non
856 1095 941 1154 labo-

254 1189 390 1246 rantem,
418 1172 514 1254 sponsi
534 1192 630 1236 autem
653 1196 764 1236 nomen
785 1177 942 1256 appellan-

254 1271 315 1313 tem
332 1253 490 1314 identidem
504 1254 624 1316 Curiatii
641 1279 707 1317 curn
721 1254 829 1339 gemitu
845 1257 878 1317 &
896 1257 940 1316 la-

254 1337 443 1395 mentatione.
462 1335 583 1419 lndigne
599 1335 713 1418 pallus,
731 1340 874 1420 virginem
888 1357 940 1398 oc-

253 1415 330 1473 cidit.
349 1414 520 1490 liccufatur.¹

297 1513 347 1572 79.
365 1495 490 1556 Intentio
506 1495 569 1570 est,
588 1494 694 1576 lnjun'd
709 1495 838 1558 sororem
858 1499 940 1557 occi-

256 1573 330 1634 disti.
351 1573 495 1657 Depulsio
514 1575 578 1650 est,
597 1578 665 1638 Jure
683 1578 786 1637 occidi.
808 1576 939 1657 Quaestio

254 1653 296 1714 est
309 1702 318 1728 ‚
337 1656 442 1718 Jurene
455 1658 600 1718 occiderit.
620 1657 706 1718 Ratio
720 1656 760 1718 est
774 1679 781 1716 τ
797 1656 849 1717 Illa
862 1660 941 1717 enim

254 1735 380 1795 hostium
400 1755 527 1798 mortem
549 1739 578 1797 lu
598 1738 688 1812 ebat,
710 1737 828 1798 fratnrm
847 1739 940 1820 negli-

255 1817 365 1898 gebat3
385 1839 432 1877 me
451 1820 540 1899 &po
561 1759 641 1878 uium
659 1819 826 1879 Romanum
844 1818 942 1879 vieille

254 1896 376 1958 moleste
392 1898 512 1959 ferebat.
535 1841 692 1961 danmatio
710 1899 751 1961 est
766 1922 772 1960 :
787 1899 903 1961 Tamen
921 1923 939 1959 a

252 1977 340 2039 fratte
365 1979 562 2040 indemnatam
589 1984 687 2042 necari
712 2003 774 2042 non
801 1984 940 2062 oportuit.

254 2056 299 2118 Ex
316 2081 372 2141 qua
390 2057 528 2139 judicatio
544 2060 577 2120 fit
596 2082 604 2120 τ
622 2062 729 2140 Quum
739 2063 860 2123 Horatia
879 2062 939 2122 fra-

251 2157 328 2198 trum
341 2156 467 2200 mortem
482 2141 659 2234 negligeret,
678 2139 802 2200 hostium
814 2143 940 2245 lugeret,

253 2220 291 2279 de
311 2219 402 2278 fratris
422 2221 455 2280 &
472 2221 574 2298 populi
592 2219 720 2278 Romani
738 2221 859 2283 victoria
876 2243 937 2281 non

254 2299 421 2381 gauderet,
445 2300 646 2378 oportueritne
667 2319 733 2358 eam
751 2321 767 2358 a
789 2298 875 2361 fratre
891 2305 937 2360 in·

253 2381 418 2439 demnatum
437 2381 543 2437 necari.

295 2457 426 2519 XXVII.
440 2458 509 2518 Hoc
522 2460 551 2517 in
566 2477 672 2539 genere
685 2456 795 2530 causae,
812 2458 937 2537 primum

253 2541 276 2596 si
290 2539 359 2620 quid
373 2558 410 2600 ex
427 2541 527 2599 ceteris
542 2537 653 2598 dabitur
671 2536 938 2610 constitutionibus,

252 2617 324 2678 furni
357 2621 528 2700 oportebit,
560 2621 632 2679 sicut
659 2622 688 2678 in
720 2620 937 2699 comparatione

252 2717 427 2782 ptaeceptum
444 2701 494 2761 est.
511 2699 614 2760 Postea
628 2703 649 2758 si
664 2722 720 2781 qua
733 2699 852 2760 facultas
865 2704 937 2775 erit,

251 2801 304 2859 per
316 2783 440 2862 aliquam
454 2781 685 2842 constitutionem
699 2782 796 2852 illum,
806 2782 839 2838 in-
849 2801 937 2860 quent

253 2863 361 2920 crimen
374 2861 559 2936 transfertur,
579 2861 748 2921 defendere.
763 2859 881 2920 Deinde
895 2861 939 2919 le-

252 2942 316 2998 vius
337 2939 393 3000 effe
413 2940 506 3013 illud,
531 2943 612 3022 quod
638 2944 667 2999 in
687 2942 808 3000 alterum
828 2960 936 3018 pecca-

251 3017 314 3079 tum
330 3042 395 3080 reus
407 3021 580 3091 transferat,
599 3021 686 3100 quam
704 3020 785 3100 quod
804 3018 863 3100 ipse
879 3018 938 3079 sus-
