2400 4067
337 505 413 580 332
463 484 538 552 Da·
563 483 899 554 Iurrurroun

337 599 521 660 derandum:
540 620 607 660 nam
627 599 708 659 omni
727 615 864 679 tempore
881 595 913 656 id
930 597 1016 678 perti·

337 682 440 756 nebit,
458 698 506 741 aut
523 682 560 740 ad
578 678 759 740 honestatem
775 725 784 754 ,
802 695 836 738 ut
853 679 914 738 hoc
930 678 1015 740 modo

338 762 513 844 exponenda
537 761 722 822 necessitudo
744 764 806 834 sit,
836 754 959 820 Neceile
980 754 1014 819 esl

337 843 396 903 hoc
408 843 563 916 faciamus,
583 844 606 901 si
618 840 737 903 honeste
752 841 890 903 volumus
901 843 1014 901 vivere:

338 924 444 983 autad
465 924 717 997 incolumitatem,
738 922 795 981 hoc
818 923 936 996 modo,
959 920 1015 980 Ne-

337 1002 410 1064 cesse
424 1003 464 1064 est
478 1051 488 1078 ,
507 1008 531 1063 si
545 1004 707 1064 incolumes
725 1004 863 1064 volumus
881 1001 940 1065 elle
953 1023 960 1061 :
973 1019 1016 1062 aut

337 1085 375 1144 ad
395 1086 662 1159 commoditatem,
683 1088 742 1144 hoc
761 1084 879 1158 modo,
901 1080 1017 1145 Necesse

1059 956 1062 1041 l

339 1162 400 1239 est,
417 1169 440 1224 si
456 1169 517 1226 sine
530 1166 722 1226 incommodo
737 1166 874 1227 volumus
889 1165 997 1226 vivere.
1060 1234 1062 1241 Ι

379 1245 491 1305 LVlll.
510 1247 557 1306 Ac
575 1246 686 1306 summa
703 1247 820 1328 quidem
839 1245 1017 1307 necessitudo

336 1326 454 1386 videtur
469 1325 525 1387 elle
538 1325 715 1387 honestatis:
731 1328 796 1388 huic
810 1329 965 1408 proxima,
979 1329 1018 1386 in·

337 1406 511 1467 columitatis
526 1410 632 1468 :tertia
653 1431 686 1467 ac
704 1409 869 1482 levissima,
889 1429 1018 1468 commo-

337 1487 457 1564 ditatis,
486 1511 549 1570 quae
574 1510 639 1548 cum
662 1489 705 1548 his
731 1509 890 1570 numquam
918 1492 1019 1570 poterit

337 1568 447 1629 duabus
467 1569 655 1630 contendere.
678 1569 770 1630 Hasce
789 1587 887 1630 autern
907 1570 1018 1631 interse

335 1648 409 1731 saepe
424 1650 538 1711 necesle
549 1649 593 1710 estv
603 1653 783 1731 comparari,
802 1667 835 1709 ut
847 1671 1019 1733 quamquam

336 1729 451 1811 praestet
480 1729 614 1791 honestas
644 1732 863 1806 incolumitati,
892 1749 1018 1806 tamen,

335 1815 391 1870 utri
409 1814 591 1893 potissimum
610 1811 816 1872 consulendum
835 1814 894 1887 sit,
916 1813 1019 1874 delibe-

335 1908 434 1952 retur:
448 1890 527 1970 cujus
542 1896 583 1952 rei
595 1909 708 1952 certum
720 1892 870 1970 quoddam
880 1893 988 1972 praescr'
1008 1928 1018 1942 ·

335 1990 399 2031 tum
425 1973 541 2033 videtur
572 1975 603 2032 in
659 1992 809 2055 erpetuum
837 1974 900 2032 dari
934 1917 1018 2057 positi.

336 2052 438 2127 Nam,
459 2076 514 2134 qua
534 2058 612 2114 inre
631 1996 693 2115 deri
709 2056 840 2136 poterit,
860 2071 915 2129 ut,
935 2078 1017 2138 quum

333 2135 525 2195 incolumitati
548 2135 801 2210 consuluerimus,
828 2139 913 2217 quod
935 2141 970 2197 sit
991 2142 1019 2196 in

336 2214 486 2296 praesentia
500 2217 537 2276 de
551 2217 704 2277 honestate
722 2218 900 2292 delibatum,
915 2221 1018 2279 virtute

336 2296 491 2378 aliquando
512 2299 544 2357 &
563 2297 697 2358 industrii
714 2313 919 2379 recuperetur,
939 2302 1019 2360 inco·

335 2376 475 2439 lumitaris
489 2381 563 2438 ratio
582 2379 729 2439 videbitur
748 2379 883 2438 habenda·
902 2400 910 2437 ε
933 2401 1019 2461 quum

334 2459 481 2519 autemid
500 2479 561 2519 non
580 2463 714 2539 poterit,
736 2457 903 2520 honestatis.
929 2460 974 2520 Ita
990 2465 1019 2520 in

335 2536 477 2617 ejusmodi
499 2560 617 2621 quoque
640 2561 695 2614 re,
722 2562 810 2621 quum
824 2541 1019 2602 incolumitati

289 2628 301 2646 ‘
334 2619 502 2679 videbimur
518 2620 690 2693 consulere,
708 2623 778 2681 vere
796 2623 957 2702 poterimus
976 2623 1019 2682 di·

334 2715 424 2772 cere,
450 2721 504 2762 nos
531 2699 693 2760 honestatis*
712 2705 858 2762 rationem
880 2703 1018 2775 habere,

333 2783 472 2862 quoniam
486 2783 546 2840 sine
559 2782 756 2842 incolumitate
770 2803 835 2843 eam
847 2783 930 2846 nullo
944 2802 1019 2845 tem·

333 2882 407 2943 pore
431 2859 576 2941 possumus
600 2862 724 2942 adipisci.
758 2864 827 2943 Qua
852 2867 882 2922 in
910 2885 942 2926 re
969 2865 1020 2927 vel

333 2942 495 3003 concedere
512 2943 618 3017 alteri,
635 2944 685 3002 vel
701 2945 737 3002 ad
755 2944 958 3007 conditionem
975 2949 1020 3006 al-

333 3027 420 3086 terius
438 3022 636 3098 descendere,
659 3026 690 3088 ὃ(
706 3028 735 3090 in
752 3025 901 3109 praeseutia
919 3031 1021 3110 quiesf
