2400 4067
311 500 603 565 nnrronrcr
634 498 733 566 ΜΒ.
760 501 807 568 II.
859 520 940 594 319

257 614 363 687 redes,
384 635 458 694 quos
472 615 482 671 i
503 611 531 672 se
545 609 649 690 jubet,
667 610 793 672 scribunt
809 634 817 673 :
833 616 941 676 tabulae

256 695 468 776 obsignantur„
513 713 529 753 e
550 693 601 753 illo
623 690 687 773 post
704 691 873 774 supplicium
892 695 941 754 su-

256 778 353 834 mitur.
377 774 456 836 Inter
477 795 551 846 eos,
579 775 628 855 qui
647 773 770 834 heredes
789 776 819 833 in
836 775 942 837 tabulis

255 855 350 937 scripti
364 854 449 930 sunt,
467 856 500 915 &
515 857 592 914 inter
605 872 724 936 agnatos
740 901 749 928 ,
768 855 805 915 de
823 855 941 915 heredi·

255 953 316 997 tate
334 934 602 999 controversiaest.
618 937 677 996 Hic
693 954 772 996 certa
787 936 857 1008 lex,
875 957 940 1017 quae

254 1017 419 1078 testamenti
431 1017 555 1077 faciendi
567 1019 620 1091 iis,
634 1020 682 1098 qui
695 1019 726 1076 in
738 1039 775 1078 eo
790 1018 859 1077 loco
872 1021 941 1089 sint,

255 1101 364 1158 adimat
388 1096 586 1179 potestatem,
609 1098 687 1158 nulla
710 1097 867 1179 profertur.
895 1097 941 1158 Ex

255 1183 358 1240 ceteris
377 1179 514 1261 legibus,
535 1179 568 1237 &
586 1199 651 1260 quae
668 1177 743 1239 hunc
761 1177 854 1260 ipsum
871 1177 941 1259 sup-

254 1261 342 1341 plicio
359 1257 522 1338 hujusmodi
534 1257 683 1333 afficiunt,
701 1261 733 1320 &
750 1281 813 1341 quae
829 1259 867 1320 ad
884 1277 941 1320 tes·

254 1343 377 1399 tamenri
389 1340 513 1399 faciendi
523 1339 700 1420 potestatem
710 1344 875 1421 pertinent,
886 1362 941 1422 per

254 1423 508 1480 ratiocinationem
532 1419 711 1480 veniendum
735 1419 775 1480 est
800 1422 837 1480 ad
863 1420 942 1502 ejus-

254 1503 339 1562 modi
353 1503 520 1572 rationem‚
542 1516 574 1559 ut
589 1517 750 1580 quaeratur,
768 1502 940 1565 habueritne

253 1581 419 1644 testamenti
431 1575 557 1640 faciendi
569 1579 757 1661 potestatem.

300 1682 366 1744 ¹50·
393 1663 491 1723 Locos
516 1678 615 1721 autem
638 1683 808 1723 communes
830 1663 887 1722 hoc
910 1665 942 1722 in

255 1764 363 1826 genere
381 1743 623 1825 argumentandi,
637 1743 713 1818 hos,
731 1743 763 1803 ὃ(
777 1740 943 1821 hujusmodi

276 1825 395 1884 uosdam
417 1822 473 1885 effe
495 1825 675 1884 arbitramur.
701 1823 851 1898 Primum,
877 1823 941 1904 ejus

252 1847 371 1986 aripti,
398 1905 480 1986 quod
503 1903 636 1985 proferas
650 1951 660 1979 ‚
684 1904 941 1966 laudationem&

254 1986 515 2046 confirmationem.
534 1984 653 2046 Deinde
672 1984 733 2066 ejus
748 1989 810 2060 rei,
829 2009 886 2070 qua
902 1987 939 2048 de

254 2086 417 2149 queratur,
436 2089 502 2127 cum
519 2087 578 2140 eo,
594 2068 632 2127 de
649 2087 707 2206 auo
725 2066 859 2142 constat,
878 2069 944 2128 col-

252 2149 395 2209 lationem
411 2143 574 2225 ejusmodi‚
593 2151 647 2206 uti
678 2193 689 2221 ,
708 2140 745 2208 de
760 2170 819 2229 quo
837 2152 943 2286 :Jsuaeri-

254 2240 324 2301 tur,
344 2231 409 2297 rei,
430 2227 466 2286 de
482 2249 539 2306 qua
555 2226 692 2299 constet,
715 2231 839 2298 similee
862 2233 941 2290 evin

255 2311 367 2370 deatur.
386 2305 489 2365 Postea
501 2307 723 2365 admirationem
733 2307 942 2386 pereundatio.

254 2411 317 2463 ne,
338 2387 387 2469 qui
404 2385 466 2447 fieri
481 2391 594 2468 possit,
613 2403 644 2446 ut
652 2416 664 2461 v,
684 2386 733 2467 qui
748 2387 805 2446 hoc
824 2409 847 2446 ae
870 2409 940 2451 uum

255 2469 311 2530 effe
341 2468 514 2540 concedat,
540 2467 611 2528 iilud
637 2484 756 2550 neget,
785 2409 868 2550 quod
891 2487 941 2530 aut

254 2552 383 2632 aequius,
401 2568 449 2610 aut
463 2549 571 2610 eodem
585 2551 622 2609 sit
636 2552 666 2609 in
683 2570 802 2633 genere.
818 2547 940 2612 Deinde

253 2633 363 2694 idcirco
392 2631 506 2692 dehac
533 2652 564 2692 re
590 2631 659 2690 nihil
684 2628 740 2691 effe
765 2630 900 2711 scriptum
928 2679 940 2707 ‚

253 2714 358 2795 quod,
384 2735 474 2795 quum
496 2713 532 2773 de
553 2712 602 2772 illa
624 2711 693 2773 esset
716 2711 873 2793 scriptum,
901 2713 939 2773 de

252 2796 306 2854 hac
320 2799 343 2854 is
358 2840 367 2866 ‚
384 2797 433 2874 qui
444 2793 608 2868 scribebat,
625 2795 774 2855 neminem
789 2795 940 2853 dubitatu-

254 2896 318 2934 rum
340 2875 489 2934 arbitratus
509 2879 554 2934 sit·
578 2875 682 2935 Postea
700 2875 797 2934 multis
815 2877 844 2931 in
866 2875 941 2957 legi·

254 2955 307 3014 bus
322 2954 411 3013 multa
423 2952 479 3014 effe
492 2959 655 3032 praeterita,
670 2978 732 3036 quae
744 2955 853 3013 idcirco
866 2978 939 3034 prae·

254 3037 339 3097 terita
356 3055 444 3095 nenio
463 3036 637 3110 arbitretur,
660 3036 739 3117 qubd
757 3056 793 3094 ex
810 3039 940 3114 ceteris,

734 3113 813 3180 Oiv
