2400 4067
336 354 415 434 v170
465 340 539 410 DE
565 341 902 410 [mumolum

335 457 484 535 fendirur,
503 458 591 519 alium
609 457 783 530 hominem,
804 459 854 539 qui
872 458 1028 541 diligitur,

335 543 486 624 interponi
508 556 630 622 oportet
650 560 660 613 ·,
685 555 734 609 aut
757 561 811 620 pro
835 559 892 614 re,
914 542 946 600 in
972 564 1027 624 qua

336 619 521 696 offenditur,
545 621 631 682 aliam
655 641 743 695 rem,
768 642 832 703 quae
856 621 1027 702 probatum

336 722 387 764 aut
411 704 520 788 prore
546 705 722 776 hominem,
747 719 796 762 aut
820 722 876 783 pro
903 703 1027 766 homine

335 807 420 862 rem,
437 802 470 846 ut
484 787 520 845 ab
539 807 599 860 eo,
617 784 697 866 quod
714 784 797 869 odit,
808 784 853 843 ‘ad
872 783 924 859 id,
944 787 1028 868 quod

337 868 449 963 diligit,
472 868 612 928 auditoris
635 869 746 925 animus
768 865 968 942 traducatur3
994 870 1027 929 &

336 947 515 1010 dissimulare
534 950 564 1009 id
582 966 612 1009 te
630 946 834 1014 defensurum,
852 948 935 1028 quod
952 952 1028 1010 exis·

335 1031 447 1090 timeris
469 1029 637 1090 defensurus
662 1050 670 1087 t
696 1028 827 1102 deinde,
850 1049 943 1110 quum
966 1028 1027 1110 jam

334 1112 435 1172 mitior
455 1111 545 1172 fabius
563 1113 618 1171 erit
637 1109 776 1184 auditor,
794 1111 909 1249 ingredi
929 1113 1027 1193 pede·

334 1196 441 1255 tentim
458 1196 489 1254 in
512 1191 741 1264 defensionem,
768 1194 800 1252 &
840 1193 919 1254 icere
929 1237 947 1267 ⁴,
968 1214 1024 1269 ea,

335 1294 400 1356 quae
422 1275 610 1357 indignantur
630 1271 806 1347 adversarii,
827 1272 881 1330 tibi
925 1295 1025 1357 uoque

334 1355 455 1439 indigna
477 1357 572 1417 videri
596 1377 604 1415 ε
628 1354 766 1429 deinde,
789 1374 880 1436 quum
904 1295 1026 1428 lenieris

335 1457 427 1512 eum,
463 1439 492 1497 ui
510 1438 629 1511 audiet,
646 1433 865 1510 demonstrare,
880 1435 954 1508 nihil
972 1459 1037 1499 eo··-

336 1539 401 1578 rum
420 1459 463 1578 ad
476 1536 507 1579 te
523 1521 694 1601 pertinere,
713 1517 745 1577 &
764 1537 873 1599 negare
891 1534 922 1579 te
939 1520 1027 1600 quid·

335 1621 425 1682 quam
449 1600 486 1661 de
508 1599 675 1661 adversariis
699 1596 756 1658 elle
779 1598 945 1673 didurum,
972 1610 1028 1662 n'e-

336 1701 395 1763 que
415 1681 497 1754 hoc,
516 1701 612 1762 neque
634 1679 704 1739 illud
728 1701 735 1738 ε
756 1696 788 1739 ut
806 1699 904 1761 neque
923 1684 1026 1763 aperte

324 1761 424 1839 ,laedas
447 1782 527 1836 eos,
550 1764 601 1843 qui
620 1761 799 1842 diliguntur,
820 1761 976 1823 &tamen
997 1765 1026 1824 id

335 1840 459 1919 obscure
474 1842 583 1903 faciens
596 1886 606 1917 ‚
619 1842 719 1924 quoad
734 1843 846 1923 possis,
861 1843 972 1905 alienes
990 1847 1025 1906 ab

337 1925 380 1984 eis
397 1924 563 1986 auditorum
580 1926 765 1984 voluntatem
783 1944 790 1982 ι
809 1925 841 1983 &
861 1923 1025 2006 aliquorum

335 2001 475 2086 judicium
498 2006 583 2066 simili
606 2006 643 2066 de
666 2025 726 2078 re,
751 2021 800 2064 aut
821 2005 1025 2070 auuoritaten

336 2084 470 2168 proferre
490 2089 653 2148 imitatione
677 2086 794 2168 dignam
815 2107 823 2145 ε
846 2087 956 2149 deinde
977 2109 1025 2152 aut

237 2208 239 2212 ·
336 2167 496 2243 eamdem,
511 2187 560 2230 aut
578 2169 779 2241 consimilem,
793 2185 841 2227 aut
859 2166 1025 2250 majorem,

335 2265 386 2310 aut
408 2253 555 2313 minorem
584 2254 632 2334 agi
652 2272 715 2311 rem
741 2251 770 2309 in
794 2250 945 2332 praesentia
971 2253 1027 2314 de·

334 2329 506 2393 monstrare.

380 2429 428 2490 25.
444 2410 495 2472 Sin
511 2413 606 2473 oratio
623 2409 852 2472 adversariorum
872 2411 962 2475 fidem
976 2415 1026 2476 vi·

337 2488 455 2552 debitur
466 2494 647 2553 auditoribus
659 2491 776 2565 fecisse,
792 2491 840 2574 (id
863 2515 900 2556 ue
914 2499 961 2569 ei,
975 2501 1026 2579 qui

336 2571 493 2655 intelligit,
512 2574 615 2655 quibus
636 2574 723 2633 rebus
745 2573 819 2635 fides
839 2516 889 2635 dat
906 2621 917 2652 ,
937 2577 1024 2640 facile

335 2653 391 2713 erit
412 2653 557 2736 cognitu)
581 2676 599 2715 o
624 2671 702 2714 orret
726 2673 775 2714 aut
794 2656 831 2717 de
846 2665 918 2731 eo,
941 2661 1024 2741 quod

336 2731 491 2794 adversarii
512 2737 567 2796 sibi
589 2676 785 2796 durissimum
808 2742 960 2819 putarint,
989 2742 1023 2801 &

336 2816 462 2877 maxime
480 2818 500 2876 ii
517 2821 567 2899 qui
584 2818 747 2892 audierint,
768 2821 941 2900 probarint,
961 2824 1026 2903 pri·

335 2898 419 2961 tuum
441 2914 471 2961 te
494 2896 636 2961 ditiorum
659 2899 817 2982 polliceri,
838 2919 887 2962 aut
909 2903 948 2965 ab
970 2905 1024 2965 ad·
