2400 4067
322 445 403 523 474
513 423 821 493 OuAron..

278 550 281 557 ’
366 538 417 612 89.
432 536 627 598 Verecundus
639 536 693 597 erit
707 532 772 595 usus
784 533 925 594 oratoriae
938 535 1008 613 quasi

324 610 517 699 lupelledilis.
552 616 690 698 Supellex
712 613 755 675 est
780 614 864 675 enim
887 614 1008 696 quodam

326 699 422 761 modo
438 696 554 772 nostra,
572 694 949 780 quaeestiuornatnentis‚
964 696 1010 754 alia

297 808 299 813 ·
327 799 450 853 rerum,
473 776 528 840 alia
548 779 723 841 verborum.
760 775 897 839 Ornatus
921 793 1010 837 auem

327 860 511 933 uerborum,
535 859 674 942 duplex:
708 879 783 919 unus
816 856 1012 938 simplicium,

329 942 403 1002 alter
426 940 651 1003 collocatorum.
682 937 815 1018 Simplex
832 939 1011 1020 probaturin

328 1023 482 1116 propriis,
512 1020 681 1103 usitatisque
704 1019 803 1082 verbis
818 1064 832 1093 ‚
862 1018 950 1100 quod
973 1035 1012 1078 aut

230 1105 232 1109 ”
286 1122 288 1126 ’
332 1103 444 1182 ορτιιηὲ
465 1101 566 1177 sonat,
588 1119 638 1162 aut
651 1121 715 1161 rem
731 1099 860 1161 maxime
875 1100 1012 1181 explanat.

332 1181 368 1242 In
390 1183 510 1256 alienis,
538 1200 586 1243 aut
607 1180 793 1254 transsatum,
824 1181 860 1240 &
878 1179 1015 1262 sumptum

331 1261 465 1336 aliunde,
474 1280 506 1323 ut
515 1263 633 1336 mumd;
647 1281 697 1321 aut
705 1261 814 1322 fadum
824 1261 864 1320 ab
877 1260 962 1342 ipso;
974 1279 1017 1320 aut

331 1363 444 1403 novum
459 1363 470 1416 ;
490 1361 541 1404 aut
556 1340 680 1424 priscum
701 1343 734 1402 dt
750 1342 944 1402 inusitatum..
963 1339 1018 1403 sed

336 1426 425 1483 etiarn
444 1425 578 1484 inusitata
597 1445 631 1484 ac
649 1420 816 1502 prifcafunt
828 1424 860 1482 in
876 1424 1018 1505 propriis,

336 1506 392 1565 nisi
400 1503 479 1586 quod
492 1506 558 1565 τετὸ
565 1505 684 1565 utimur.
728 1556 730 1561 .
793 1508 796 1513 “
940 1529 943 1533 ’

378 1583 427 1645 81.
450 1582 607 1646 Colloeata
622 1600 721 1645 autem
737 1581 960 1644 uerbalnheot
974 1605 1020 1643 nr-

335 1682 459 1743 uatum,
480 1668 505 1724 ti
523 1664 632 1747 aliquid
649 1665 859 1725 concinnitatis
880 1663 1020 1737 efficiunt,

358 1744 419 1806 uod
428 1746 526 1806 verbis
535 1747 652 1807 mutatis
664 1766 726 1805 non
739 1761 878 1818 maneat,
889 1759 1020 1806 manente

336 1767 488 1889 dementia.
520 1825 598 1886 Nam
615 1825 822 1886 sententiarum
837 1843 1021 1899 ornamenta,

360 1927 403 1964 uae
417 1923 606 1985 permanent,
621 1908 733 1966 etiarnsi
745 1905 840 1965 uerba
854 1908 1021 1978 mutaveris,

338 1927 462 2045 familia
476 1988 596 2065 quidem
608 1987 769 2066 permulta,
787 1985 857 2058 sed,
876 2008 944 2066 quae
957 1989 1022 2047 erni·

339 2084 427 2126 neant
436 2067 450 2138 ,'
460 2067 608 2146 pauciora.
640 2064 720 2147 Ergo
738 2067 787 2126 ille
800 2069 1021 2139 tonnitorum,

340 2147 434 2208 modb
446 2149 482 2206 sit
500 2147 639 2229 elegans,
655 2167 710 2208 nec
728 2149 759 2206 in
777 2145 922 2208 faciendis
933 2148 1022 2209 verbis

341 2230 395 2288 erit
406 2227 515 2303 audax,
526 2229 558 2288 &
569 2231 598 2288 in
609 2226 816 2288 transferendis
825 2228 1022 2300 verecundus,

341 2310 375 2369 ὃ(
391 2331 492 2392 parcus
507 2311 537 2370 in
551 2307 667 2391 priscis,
685 2307 860 2402 reliquisque
874 2329 1024 2371 ornamen-

339 2392 376 2451 tis
395 2391 427 2450 &
446 2391 627 2465 verborum,
646 2390 679 2462 ὅ(
696 2388 906 2450 sententiarum
927 2389 1024 2450 demis·

340 2475 425 2530 sior:
456 2471 641 2534 transsatione
663 2467 782 2531 fortaffe
802 2469 956 2545 crebrior,
974 2470 1024 2551 qul

340 2551 571 2633 frequentissime
580 2552 676 2613 sermo
689 2553 784 2611 omnis
794 2552 888 2622 utitur
896 2573 960 2611 non
969 2572 1025 2609 rno-

342 2632 383 2690 db
411 2632 615 2706 urbanorum,
640 2632 691 2693 sed
714 2633 804 2692 'etiam
832 2630 1025 2694 rusticorum:

343 2712 486 2793 qiquidem
503 2711 544 2772 etl
565 2734 689 2786 eorum,
705 2734 837 2794 gemmare
848 2715 944 2786 uites,
960 2714 1028 2773 sitire

343 2816 361 2867 ᾳ
393 2817 439 2865 os,
455 2793 532 2853 laetas
542 2792 590 2873 effe
597 2795 719 2877 figeres,
732 2791 1028 2874 luxuriossfrumcnra.

372 2875 424 2935 'ihil
437 2873 542 2938 horum
559 2897 662 2959 parum
677 2873 832 2948 audatia,
856 2873 911 2936 sed
931 2892 981 2936 aut
997 2877 1031 2932 si·

345 2957 413 3025 mile
433 2954 473 3021 est
486 2956 548 3034 illi,
564 2957 646 3040 unde
659 2956 839 3030 transferas:
859 2973 933 3033 aut,
953 2960 976 3019 si
990 2975 1032 3040 tes
