2400 4067
375 493 670 567 Tomi.
786 516 864 590 429

182 625 233 670 aut
252 624 385 691 ageretur
403 610 529 691 aliquid,
555 610 636 691 quod
657 608 867 691 proferendum

185 712 248 751 non
266 688 355 762 effer,
374 707 421 750 aut
447 692 597 751 diceretur.
634 690 668 750 In
684 692 741 750 hoc
761 711 868 773 genere

186 775 275 833 etiam
287 770 335 830 illa
348 768 389 830 est
401 774 431 830 in
443 770 630 831 Palamedem
644 770 774 851 conjeda
783 770 870 851 suspif

186 856 304 912 cionum
314 852 485 932 proditionis
498 852 670 911 multitudo:
686 853 766 932 quod
777 873 869 935 genus

187 932 312 993 refutare
320 931 464 991 interdurn
475 934 580 991 veritas
590 934 638 993 vix
649 931 753 1013 potest.
774 930 870 1012 Hujus

189 1017 277 1074 eriam
299 1013 412 1094 generis
438 1010 479 1072 est
495 1012 572 1072 fama
589 1013 693 1095 vulgi,
719 1012 870 1094 quoddam

190 1094 377 1154 muitimdinis
390 1090 592 1153 testimonium.
616 1094 693 1173 Quae
704 1112 799 1153 autem
809 1096 870 1155 vir-

190 1192 252 1234 tute
265 1171 354 1235 fidem
367 1172 493 1246 faciunt,
518 1194 553 1233 ea
565 1174 698 1255 bipartita
715 1173 804 1235 sune:
833 1195 870 1236 ex

212 1255 293 1314 uibus
305 1255 442 1327 alterum,
456 1256 556 1315 natur&
564 1255 660 1328 valet3
674 1255 815 1329 alterum,
828 1254 873 1316 in-

191 1276 305 1395 dustrii.
339 1333 476 1396 Deorum
497 1337 574 1395 enim
587 1338 678 1394 virtus
696 1336 796 1395 naturd
815 1356 870 1396 ex·

191 1416 269 1477 cellit
280 1435 290 1488 ;
303 1415 453 1474 hominum
465 1432 580 1487 autem,
594 1413 737 1475 industrii.

232 1515 285 1573 77.
311 1494 422 1557 Divina
444 1494 505 1555 haec
530 1495 592 1555 fere
617 1494 680 1555 sunt
701 1492 890 1555 testimonia:

192 1576 322 1637 Primum
346 1578 510 1635 orationis:
538 1576 654 1635 oracula
679 1579 757 1635 enirn
779 1581 815 1637 eie
836 1596 874 1637 eo

194 1657 256 1739 ipso
271 1656 415 1735 appellata
429 1654 508 1727 sunt,
528 1656 608 1736 quod
621 1655 692 1717 inest
703 1660 732 1716 in
745 1656 788 1717 his
802 1656 880 1717 deo·.

194 1759 259 1797 rum
277 1738 380 1797 oratio.
407 1734 527 1798 Deinde
543 1757 654 1811 rerum,
670 1740 699 1797 in
713 1736 813 1819 quibus
826 1741 882 1803 ina

195 1819 258 1879 sunt
272 1819 350 1899 quasi
364 1837 453 1899 opera
469 1818 565 1877 divina
576 1819 731 1900 quaedam:
751 1820 878 1899 primum

194 1899 254 1981 ipse
269 1898 409 1973 mundus,
431 1897 546 1981 ejusque
562 1902 656 1961 omnis
669 1899 765 1974 ordo,
780 1900 812 1965 &
823 1921 880 1966 or-¹

197 1998 301 2041 natus:
323 1979 460 2061 deinceps
477 1984 555 2041 a'e'rei
566 1980 681 2041 volatus
695 1983 813 2051 avium,
833 1997 882 2048 at·⁸

196 2082 253 2143 que
270 2077 369 2121 cantus
381 2083 392 2121 z
415 2061 522 2121 deinde
538 2058 666 2139 ejusdem
684 2063 754 2120 adsis
771 2058 885 2121 sonitu&

198 2145 231 2203 ὃ(
248 2141 391 2213 ardores,
415 2140 626 2220 multarumque
641 2159 739 2200 rerum
757 2141 788 2198 in
802 2138 886 2201 tend.

197 2238 355 2305 portenta:
376 2236 461 2299 atque
477 2222 565 2278 etiam
589 2234 742 2298 perereio,
761 2222 882 2278 inventa

199 2302 363 2385 praesensio.
393 2298 423 2359 A
442 2297 649 2359 dormientibus
663 2317 778 2378 quoque
791 2298 884 2361 multa

200 2381 356 2467 significata
366 2382 433 2442 visis
441 2400 453 2439 .:
510 2378 572 2437 'bus
583 2398 619 2439 ex
633 2378 705 2439 locis
717 2380 791 2437 sumi
800 2382 891 2442 intem.

201 2467 272 2526 dum
288 2462 382 2523 solent
398 2462 435 2522 ad
450 2458 471 2520 fi
493 2479 541 2520 em
551 2458 712 2520 faciendam
722 2457 889 2540 testimonia⁵

201 2547 333 2605 deorum.

243 2625 294 2702 78.
304 2624 338 2685 In
348 2624 467 2683 homine
476 2623 586 2683 virtutis
596 2622 695 2701 opinio
706 2618 784 2682 valet
793 2620 885 2702 pluri·-

202 2710 294 2766 mum.
325 2705 437 2785 Opinio
454 2719 550 2763 autem
563 2699 623 2774 est,
644 2703 812 2762 nonmodb
832 2724 891 2763 eos.

204 2789 343 2845 virtutem
364 2785 492 2855 habere,
518 2784 566 2861 qui
591 2782 717 2841 habeant
727 2828 738 2854 ,
763 2782 812 2843 sed
833 2803 893 2844 eoa

207 2868 314 2935 etiarn,
329 2863 491 2943 quihabere
501 2862 663 2921 videantur.
686 2861 801 2943 ltaque,
813 2884 888 2942 quos
951 2915 953 2920 Α

206 2947 345 3027 ingenio,
366 2964 439 3023 quos
456 2941 568 3014 studio,
583 2962 656 3021 quos
673 2942 889 3022 dodriniprae·

209 3027 287 3101 ditos
304 3023 428 3097 vident,
452 3040 630 3103 quorumque
647 3024 738 3086 vitam
753 3022 892 3086 constans
