2400 4067
440 495 732 564 Torrca
854 518 932 592 4η

240 605 328 688 -cujus
347 628 437 691 genus
460 611 678 692 &exemplum
696 610 781 693 supra
825 617 932 677 ositum

248 688 308 762 est,
323 707 355 749 ut
366 708 549 751 ceterorum:
570 714 647 751 nunc
665 635 837 774 explicania
855 710 934 755 trac·

248 772 319 831 tatio
332 767 383 831 est.
408 769 622 853 Comparantur
636 775 721 854 igitur
737 794 772 833 ea
785 819 795 848 ,
808 794 872 855 quae
882 793 934 835 aut

248 849 379 929 majora,
398 869 446 912 aut
463 856 597 925 minora,
621 871 670 912 aut
685 856 764 934 paria
778 854 931 915 dicuntur:

248 933 278 993 in
294 932 567 1014 quibusspellantur
582 933 663 1007 hac,
688 941 846 1007 numerus,
863 934 933 1016 spe·

249 1014 326 1086 ties,
351 1015 415 1088 rtis,
434 1013 569 1098 quadarn
591 1016 680 1074 etiam
702 1014 739 1074 ad
760 1035 805 1076 res
822 1017 930 1100 aliquas

248 1091 373 1154 affefflo.

289 1173 340 1253 69.
368 1172 501 1235 Numero
526 1177 566 1234 sic
590 1176 862 1256 comparabuntur,
897 1194 931 1238 ut

246 1253 328 1334 plura
338 1254 437 1330 bona,
452 1257 635 1337 paucioribus
647 1257 732 1317 bonis
744 1275 931 1339 anteponan-

246 1351 311 1394 tur:
331 1338 468 1415 pauciora
483 1337 580 1408 mala‚
594 1337 677 1396 malis
690 1337 819 1418 pluribus
831 1359 839 1398 t
861 1339 929 1398 diu-

246 1417 376 1476 tumiora
386 1416 692 1490 bona‚brevioribus:
708 1418 814 1500 longi,
829 1419 928 1481 &lati

247 1515 423 1579 pervagata,
433 1495 575 1580 angustis:
593 1517 630 1556 ex
644 1495 746 1577 quibus
756 1499 838 1577 plura
849 1499 928 1561 bona

244 1593 462 1661 propagentur,
476 1597 596 1658 quaeque
605 1577 703 1658 plures
714 1580 879 1654 imitentur,
893 1582 926 1640 &

243 1656 362 1718 faciant.
396 1657 500 1739 Specie
525 1674 623 1718 autem
646 1677 712 1716 com
734 1675 869 1730 arantur,
893 1677 926 1722 ut

242 1756 460 1820 anteponantur
481 1755 685 1821 quapropter
710 1679 739 1800 ii
760 1739 927 1820 expetenda

240 1817 389 1894 sunr‚us,
403 1836 602 1903 quapropter
617 1817 713 1879 aliud:
733 1820 765 1878 δι
782 1836 813 1879 ut
823 1822 926 1884 innata

240 1917 333 1982 atque
349 1903 452 1975 insita,
470 1899 616 1982 allumptis
634 1901 667 1960 δι
681 1900 860 1962 adventitiis:
881 1903 927 1962 irr-

240 1998 343 2063 tegra,
363 1985 581 2042 contaminatis:
601 1980 748 2075 jucunda,
767 1980 860 2043 minus
874 1978 924 2061 ju·

242 2062 345 2122 cundia
358 2083 373 2121 εΔ
382 2061 520 2135 honesta,
533 2065 600 2143 ipsis
611 2078 699 2120 etiarn
709 2062 840 2121 utilibus:
855 2085 928 2142 pro-

241 2142 346 2216 clivia,
361 2142 533 2202 laboriosis:
555 2139 727 2211 neceffan'a,
748 2162 809 2200 non
822 2140 924 2202 neces-'-

239 2221 337 2284 sariis:
355 2222 423 2296 sua,
440 2222 557 2279 alienis:
572 2240 654 2290 rara,
671 2220 852 2301 vulgaribus:
871 2221 924 2283 de·-

240 2303 422 2374 siderabilia,
436 2303 486 2373 iis,
497 2299 599 2379 quibus
609 2296 692 2359 facili
703 2319 800 2359 carere
811 2304 922 2380 possis:

239 2383 390 2467 perfetta,
409 2379 550 2439 inchoatis
565 2399 572 2435 :
594 2394 680 2451 tora,
699 2379 828 2459 partibus
843 2390 862 2439 .·'
873 2401 923 2440 ra-

238 2469 325 2526 tione
337 2462 463 2534 utentia,
480 2460 603 2521 rationis·
614 2459 797 2539 exportilnrs:
815 2458 923 2520 volun·

236 2546 328 2615 tatia,
338 2539 513 2601 necessariis:
528 2542 668 2614 animata,
678 2541 857 2602 inanimatis:
872 2563 924 2602 na·

239 2624 361 2696 ruralia,
380 2644 441 2685 non
458 2621 650 2686 naturalibus:
672 2619 840 2698 artificiosa,
858 2644 920 2685 non

238 2703 411 2766 artificiosis.

282 2803 332 2858 70.
340 2784 395 2842 Vis
403 2802 500 2844 autent
510 2784 539 2843 in
548 2784 765 2864 comparatione
779 2783 819 2841 sic
831 2786 923 2845 cerni·

240 2881 307 2935 tur,
322 2861 448 2922 efficiens
463 2863 544 2923 causa
552 2865 679 2945 gravior,
712 2863 779 2921 uam
789 2884 850 2921 non
859 2861 922 2923 effi-

240 2945 340 3005 ciens:
355 2963 418 3024 quae
427 2942 525 3023 seipsis
541 2884 767 3014 coronarint,
782 2941 922 3018 meliora,

239 3024 329 3110 quim
339 3044 403 3108 qua
413 3040 502 3109 egent
512 3022 572 3085 alus‘
580 3043 665 3106 :qua
673 3024 705 3084 in
712 3019 819 3096 nostra,
832 3021 920 3106 quint
