2400 4067
253 450 305 527 74
367 429 843 497 Ruaronrcouum
897 503 900 508 ,

251 549 412 618 dispositio&
425 547 556 597 collocatio
568 546 712 612 imaginum,
727 544 859 609 scripturae
872 562 882 604 ;
895 561 951 611 pro·

251 624 394 681 nuntiatio,
415 621 521 672 ledioni.
544 618 655 685 Oportet
675 617 767 685 igitur,
791 617 813 667 si
833 621 950 670 volumus

251 701 328 750 multa
341 694 488 752 meminisse,
505 694 595 744 multos
610 691 679 742 nobis
694 691 763 742 locos
777 708 950 760 comparare,

251 787 281 824 ut
294 773 320 822 in
333 770 414 822 multis
430 768 491 820 locis
508 770 595 818 multas
612 767 727 834 imagines
744 764 880 817 collocare
896 783 951 834 pos·

251 848 336 898 simus.
354 846 417 895 item
431 856 541 911 putamus
558 853 675 909 oportere
692 856 724 889 ex
739 839 830 889 ordine
850 839 900 892 hos
916 842 951 891 lo·

251 936 296 971 cos
313 918 423 975 habere,
441 916 569 984 nequando
585 912 770 982 perturbatione
789 913 891 964 ordinis
909 915 952 964 im·

251 994 395 1062 pediamur,
412 988 459 1057 qud
473 991 549 1041 secius
564 1002 641 1056 quoto
656 985 753 1054 quoque
768 987 832 1037 loco
848 988 951 1049 libebit,

252 1069 294 1118 vel
310 1083 325 1114 a
342 1065 490 1130 superiore,
510 1065 551 1114 vel
569 1065 599 1114 ab
617 1061 752 1118 inferiore,
772 1062 818 1110 vel
837 1078 854 1110 a
876 1061 951 1113 med'n

252 1151 321 1207 parte
338 1138 454 1205 imagines
469 1137 554 1204 sequi,
574 1149 603 1186 ut
620 1153 670 1195 ea,
687 1150 739 1201 quae
755 1134 880 1186 mandata
893 1136 951 1188 locis

252 1225 343 1272 erunt,
360 1211 461 1269 videre,
472 1211 497 1263 ὃ(
511 1209 623 1278 proferre
638 1209 769 1276 possimus.

291 1285 411 1340 xvlll.
430 1286 493 1336 Natu
511 1296 559 1344 ut,
578 1284 599 1334 si
617 1284 643 1334 in
660 1283 744 1333 ordine
762 1279 861 1334 stantes
881 1296 951 1336 notos

255 1361 394 1426 complures
406 1358 555 1418 viderimus,
570 1356 630 1408 nihil
646 1356 723 1408 nostri
732 1355 836 1408 intersit
848 1391 859 1415 ,
874 1356 950 1409 ursin

252 1453 267 1484 a
279 1434 387 1493 summo,
405 1436 476 1485 anab
486 1433 534 1484 imo
544 1467 553 1493 ,
570 1449 601 1482 an
611 1433 641 1482 ab
652 1429 734 1480 medio
749 1431 857 1481 nomina
868 1448 950 1484 eorum

254 1508 337 1558 dicere
353 1506 494 1574 incipiamus
506 1524 514 1559 r
526 1507 585 1556 item
600 1505 625 1555 in
641 1504 702 1554 locis
718 1520 750 1554 ex
761 1504 855 1556 ordine
874 1507 952 1557 collo·

253 1580 315 1632 catis
329 1581 447 1641 eveniet,
465 1593 493 1631 ut
503 1581 527 1630 iu
538 1578 670 1646 quamlibet
685 1590 780 1644 partem
792 1591 881 1645 quoto
895 1597 952 1648 quo·

253 1671 303 1722 que
313 1656 372 1715 loco
383 1654 484 1714 libebit,
494 1653 636 1721 imaginibus
646 1650 790 1702 commoniti
801 1653 894 1705 dicere
903 1671 953 1720 pos·

255 1727 365 1778 simusa'd
378 1761 385 1788 ,
402 1728 469 1795 quod
479 1727 541 1778 locis
550 1725 752 1776 mandaverimus.
768 1723 863 1788 Quare
875 1729 952 1795 placet

255 1801 283 1851 ἀ
301 1818 333 1850 ex
350 1801 436 1850 ordine
453 1801 524 1851 locos
543 1813 706 1865 comparare3
725 1798 751 1848 bc
770 1799 872 1863 locos,
896 1817 951 1870 quos

255 1872 464 1939 affumpserimus,
487 1871 586 1941 egregie
607 1870 775 1921 'commeditari
798 1874 950 1941 oportebit,

255 1960 283 1997 ut
294 1943 414 2012 perpetud
428 1945 498 1997 nobis
510 1947 604 1996 haerere
616 1945 710 2011 possint
722 1961 729 1994 ε
742 1962 800 1997 uam
816 1948 951 2019 imagines,

254 2021 319 2071 sicut
340 2021 449 2079 littere,
472 2019 604 2078 delentur,
624 2016 666 2067 ubi
685 2018 744 2068 nihil
763 2018 814 2071 illis
836 2020 952 2075 utimurs

214 2140 216 2144 ,
255 2093 324 2151 loci,
344 2106 466 2160 tamquam
483 2110 558 2151 cera,
579 2108 705 2142 remanere
724 2090 829 2144 debent.
850 2096 907 2177 Et,
924 2110 952 2147 ne

254 2166 321 2218 iort'e
336 2166 360 2217 in
375 2182 477 2217 numero
492 2168 604 2217 locorum
617 2165 667 2215 falli
681 2163 824 2230 possimus,
844 2168 952 2238 quintum

255 2257 376 2311 quemque
390 2240 472 2291 locum
485 2242 566 2308 placet
581 2237 662 2290 notari
676 2254 683 2288 ε
698 2238 764 2305 quod
777 2256 882 2308 genus,
899 2245 952 2298 siin

254 2315 341 2383 quinto
356 2316 414 2366 loco
430 2332 526 2365 manum
539 2331 637 2365 auream
654 2313 827 2376 collocemus,
848 2317 879 2370 δι
896 2317 953 2369 siin

258 2389 353 2440 decimo
368 2388 474 2456 aliquem
488 2401 592 2447 notum,
612 2387 649 2437 cui
667 2402 809 2453 praenomen
825 2389 860 2441 sit
877 2391 953 2444 Deci·

255 2480 316 2522 mo;
337 2463 424 2513 deinde
435 2463 507 2513 facile
524 2463 572 2512 erit
585 2461 676 2511 similes
693 2473 763 2511 notas
780 2463 874 2528 quinto
892 2481 952 2533 quo·

255 2553 302 2602 que
314 2537 371 2584 loeo
383 2536 517 2585 collocare.

293 2608 375 2658 XIX.
392 2609 453 2658 ltem
471 2606 622 2660 commodius
638 2605 672 2658 est
685 2608 710 2657 in
725 2606 865 2673 derelidla,
884 2629 950 2681 quam

254 2681 280 2731 in
300 2681 392 2731 celebri
411 2683 513 2750 regione
532 2683 603 2732 locos
623 2699 762 2748 comparare
785 2699 792 2733 τ
815 2700 951 2752 propterea

255 2752 321 2823 qudd
334 2754 487 2822 frequentia,
502 2755 528 2806 δι
540 2756 703 2805 obambulatio
714 2756 842 2810 hominum
852 2773 952 2812 conlur-

254 2831 315 2887 bat,
332 2829 358 2880 ὃ(
368 2827 470 2879 infirmat
480 2829 609 2898 imaginum
619 2842 689 2880 notas
701 2847 709 2889 ;
727 2830 836 2883 solitudo
852 2829 951 2885 conser-

253 2917 296 2954 vat
307 2902 412 2972 integras
425 2903 610 2956 simulacrorum
624 2902 722 2972 figuras.
740 2903 867 2959 Praeterea
884 2909 950 2960 dissi·

253 2978 324 3031 miles
341 2977 419 3032 formai
435 2991 508 3048 atque
524 2976 610 3031 natue
628 2977 677 3030 loci
696 2983 856 3049 comparandi
872 2984 949 3041 suut,
