2400 4067
317 444 392 536 156
440 446 513 525 Dr
541 446 870 517 IrrVrrrrrorra

310 580 398 642 quern
417 581 555 644 oportet,
572 580 696 622 aut-non
717 584 783 622 cum
802 585 839 623 eo
851 608 864 639 ,Ι
881 564 1001 646 quicum

311 661 455 723 oportet,
474 665 523 706 aut
545 667 605 705 non
624 645 701 725 apud
720 666 815 726 quos,
839 667 898 726 quo
918 664 1001 706 tem·

310 744 406 804 pore,
424 729 480 807 qua
496 728 583 809 lege,
599 747 659 807 quo
678 728 816 799 crimine,
833 726 890 806 qua
907 727 1001 808 poeni

311 823 463 885 oportet,
489 807 654 869 transsativa
679 806 780 866 dicitur
804 805 971 868 constitutio
987 851 1003 882 ,

309 890 376 968 quia
395 887 469 948 uilio
492 888 682 962 transsationis
705 889 737 948 &
758 891 1002 950 commutationis

308 969 439 1051 indigere
463 971 589 1031 videtur.
613 968 713 1051 Atque
741 968 842 1028 harum
869 969 999 1052 aliquam

308 1049 339 1127 in
354 1071 444 1110 omne
458 1051 546 1110 causae
560 1071 650 1134 genus
662 1049 790 1110 incidere
803 1048 916 1110 nocelle
935 1050 997 1112 est:

308 1151 377 1195 uam
400 1133 430 1190 in
453 1154 541 1213 quam
561 1153 623 1191 non
642 1130 799 1204 inciderit,
823 1133 905 1190 inea
925 1132 1002 1203 nihil¹

310 1209 367 1272 elle
385 1216 494 1292 poterit
511 1215 719 1272 controversiae
737 1232 744 1270 :
762 1233 850 1292 quare
870 1233 938 1273 eam
956 1234 998 1276 ne

309 1291 422 1353 causam
436 1295 554 1376 quidem
571 1296 710 1354 convenit
726 1295 828 1373 putari.

354 1394 401 1435 11.
420 1375 466 1436 'Ac
487 1375 553 1437 fatti
573 1375 692 1458 quidem
713 1378 940 1451 controversia,
964 1381 1000 1445 in

309 1460 410 1516 omnia
421 1475 556 1540 tempora
570 1455 666 1539 potest
681 1455 816 1518 distribui.
833 1456 912 1518 Nam
925 1460 1001 1541 quid

310 1536 417 1612 faulum
429 1541 486 1615 sit,
500 1537 596 1629 potest
629 1541 717 1611 paeri,
732 1538 790 1600 hoc
804 1540 915 1600 modo:
933 1540 1002 1602 Oc-

310 1618 450 1681 cideritne
471 1621 597 1701 Ajacem
648 1617 746 1700 lylles.
770 1619 807 1679 Et
827 1620 898 1702 quid
917 1619 968 1682 fiat
990 1668 1001 1698 ,

308 1699 366 1760 hoc
386 1702 478 1774 modo
494 1723 501 1761 ε
517 1702 642 1761 Bonone
659 1704 757 1760 animo
776 1704 832 1760 sint
851 1722 921 1784 erga
936 1726 1000 1785 poe

306 1781 408 1861 pulum
425 1781 592 1842 Romanum
610 1780 782 1864 Fregellani.
806 1781 843 1841 Et
860 1784 931 1864 quid
950 1784 1001 1845 fu-

307 1877 405 1938 turum
424 1865 483 1936 sit,
509 1863 567 1923 hoc
587 1862 680 1922 modo
701 1884 708 1921 :
730 1861 760 1922 Si
783 1861 995 1947 Carthaginem

307 1942 505 2026 reliquerimus
519 1943 718 2017 incolumem,
735 1946 886 2026 numquid
901 1949 938 2006 sit
951 1950 1002 2010 in·⁴

308 2027 460 2086 commodi
483 2027 520 2086 ad
541 2027 751 2107 rempublicam
772 2046 999 2108 perventurum.

308 2103 444 2181 Nominis
458 2111 658 2169 controversia
676 2106 739 2182 est,
758 2129 847 2190 quum
865 2109 902 2171 de
916 2108 997 2172 faulo

308 2191 468 2265 convenit,
495 2191 527 2250 &
547 2192 703 2272 quaeritur,
725 2188 755 2248 id
781 2188 862 2271 quod
884 2189 995 2253 faulum

308 2267 369 2345 est,
388 2292 448 2352 quo
467 2273 587 2333 nomine
605 2272 790 2353 appelletur:
813 2292 871 2353 quo
890 2273 920 2331 in
941 2293 999 2356 ge-

306 2372 377 2412 nere
392 2352 504 2414 neceffe
522 2347 562 2414 e'st
575 2354 644 2414 ideo
660 2355 784 2413 nominis
801 2349 856 2412 elle
871 2370 996 2415 contro-

306 2436 455 2508 versiam,
475 2457 537 2494 non
556 2435 637 2515 quod
656 2435 693 2494 de
714 2431 820 2512 reipsa
840 2455 900 2492 non
919 2457 996 2496 con·

303 2517 423 2587 veniat,
443 2537 504 2574 non
524 2515 604 2597 quod
622 2514 659 2574 de
678 2513 754 2573 faulo
772 2535 833 2572 non
852 2514 965 2577 constet
987 2562 996 2593 ‚

289 2589 353 2656 ,sed
370 2594 449 2675 quod
465 2595 519 2669 id,
538 2594 620 2676 quod
638 2593 744 2671 {atium
765 2597 823 2667 sit,
847 2596 924 2656 aliud
941 2597 989 2659 alii

266 2744 273 2756 .
303 2672 437 2740 videatur
451 2673 529 2750 effe,
544 2679 577 2735 &
590 2674 700 2735 idcirco
714 2676 783 2735 alius
798 2676 854 2735 alio
870 2681 992 2741 nomine

302 2753 333 2814 id
346 2755 484 2837 appellet.
500 2756 602 2836 Quare
616 2758 645 2814 in
658 2755 822 2836 hujusmodi
835 2759 995 2838 generibus

305 2835 471 2901 definienda
482 2859 528 2906 res
543 2840 597 2902 erit
610 2837 728 2910 verbis,
749 2838 781 2896 ὃ(
795 2837 925 2900 breviter
940 2840 998 2902 de·

302 2917 472 2990 scribenda:
488 2937 544 2993 ut,
566 2921 589 2979 si
607 2921 669 3000 quis
686 2918 796 2978 sacrum
815 2940 851 2979 ex
872 2924 991 3001 privato

301 2997 487 3084 surripuerit,
511 3003 608 3067 utriuu
625 2999 695 3080 fur,
720 3023 757 3064 an
778 3000 930 3085 sacrilegus
953 3006 994 3070 sit
