2400 4067
628 620 793 689 AD
859 619 1532 691 Laeronau.
1654 620 1779 715 ’ἠ

379 734 785 800 ..eruditissimis
832 735 1431 797 animadversionibus
1473 731 1773 797 illustravit

393 818 653 879 Joannes
709 815 1030 892 Buba-ius,
1063 819 1125 875 in
1167 815 1369 875 senatu
1419 813 1783 877 Divionens’r

442 897 625 958 raeses.
689 897 992 958 Habemus
1048 897 1457 957 annotationes
1516 894 1773 956 Thomae

389 920 643 1040 flendeii
677 979 737 1039 in
778 978 959 1056 libros
1006 976 1082 1039 de
1108 977 1380 1051 Finibus,
1431 976 1495 1036 &
1521 977 1583 1035 in
1604 975 1780 1037 Para!-

395 1058 592 1133 doxa5
630 1059 698 1119 &
740 1060 801 1119 in
843 1059 1025 1119 libros
1059 1058 1135 1119 de
1173 1057 1429 1140 Legibus
1467 1077 1772 1119 commen-

379 1143 600 1202 tarium
633 1138 917 1200 Turnebi.
978 1176 986 1184 ·
1818 1181 1828 1188 -

476 1218 794 1283 Restabant
830 1222 895 1282 &
929 1219 1249 1282 Rhetorica
1275 1265 1301 1294 ,
1333 1240 1584 1300 quorum
1631 1218 1785 1280 nihil·

397 1303 579 1362 etiarn
609 1299 876 1364 Graevius
899 1302 1086 1384 attigit
1110 1322 1126 1360 ε
1157 1300 1259 1363 sed
1293 1301 1473 1361 libros
1511 1300 1585 1361 de
1611 1299 1784 1363 Ora-

385 1398 529 1442 tore
578 1401 652 1442 ex
699 1382 998 1443 codicibus
1045 1380 1384 1442 Britannicis
1435 1380 1783 1443 emendavit

392 1464 485 1521 vir
532 1462 867 1522 excellentis
911 1464 1127 1542 ingenii
1153 1462 1455 1522 Zacharias
1483 1460 1781 1522 Pearcius.⁴

395 1540 470 1601 In
524 1543 730 1600 ceteris
767 1541 843 1600 de
881 1540 1168 1608 rhetorica
1209 1541 1366 1600 libris
1411 1539 1782 1614 recensendis

400 1619 753 1681 contulimus
774 1641 904 1680 cum
925 1619 1094 1683 editis
1118 1636 1232 1679 tres
1251 1620 1421 1701 pretii
1442 1641 1562 1680 non
1582 1621 1780 1701 vulga·

395 1703 474 1762 ris
505 1701 739 1765 codices
756 1746 776 1775 ‚
803 1721 1052 1784 quorum
1079 1703 1312 1781 copiam
1341 1701 1509 1761 nohis
1534 1700 1672 1761 fecit
1691 1705 1779 1761 in-

395 1784 577 1865 genio
602 1780 868 1862 praestans
886 1826 906 1855 ‚
927 1782 1212 1862 omnique
1237 1780 1496 1842 doEirina
1537 1779 1785 1862 Cappe-

395 1866 703 1924 ronnerius
721 1908 739 1936 ,
769 1866 858 1924 cui
887 1864 1057 1944 regiae
1084 1862 1454 1922 bibliothecae
1481 1860 1738 1944 custodia
1757 1907 1779 1937 ‚

397 1942 625 2004 summo
669 1942 1050 2005 studiosorum
1091 1945 1352 2003 omnium
1387 1944 1583 2018 bono,
1609 1965 1783 2004 com-

398 2023 558 2087 miffa
578 2025 641 2085 &
670 2026 889 2086 credita
924 2021 1026 2086 est.
1064 2024 1164 2084 Ab
1196 2025 1415 2089 eodem
1435 2024 1545 2084 alia
1566 2026 1728 2106 plura
1752 2070 1788 2097 ,,

398 2125 528 2185 quae
563 2108 817 2166 maximo
853 2105 975 2166 usui
1003 2104 1237 2166 fuerunt
1259 2150 1279 2179 ,
1308 2103 1647 2183 adjumenta
1671 2106 1778 2166 ha-

400 2186 651 2246 buimus,
681 2185 849 2266 Quin
880 2187 944 2248 ὃ(
965 2183 1091 2266 ejus
1111 2189 1171 2246 in
1190 2188 1354 2271 regia
1379 2185 1734 2248 bibliotheca
1753 2232 1780 2266 2

399 2265 541 2327 &in
568 2265 1010 2348 Inscriptionum
1034 2264 1362 2333 Acade-mia
1386 2265 1622 2341 Socim,
1641 2289 1791 2328 eru--

404 2347 629 2407 ditione
651 2367 782 2406 cum
803 2368 880 2407 eo
912 2369 1034 2406 non
1057 2350 1245 2408 minus
1266 2392 1286 2420 ,
1315 2347 1488 2428 quam
1507 2348 1779 2430 sanguine

398 2423 739 2504 conjunssus
775 2425 1036 2503 Bejotius
1059 2471 1082 2497 ,
1110 2427 1325 2488 codicis
1362 2427 1539 2508 longe
1567 2432 1776 2508 optimi

400 2523 679 2587 excerpta
718 2505 885 2565 nobis
911 2505 1127 2572 utenda
1159 2507 1405 2584 praebuit
1423 2551 1443 2579 ‚
1469 2526 1542 2567 ex
1572 2509 1782 2588 quibus

397 2587 679 2653 nonnulla
701 2589 760 2647 in
777 2587 926 2647 libro
948 2585 1022 2646 de
1043 2586 1206 2645 claris
1229 2587 1554 2646 oratoribus
1577 2607 1786 2648 emen-

400 2669 687 2731 davimus,
727 2665 797 2728 In
841 2668 1184 2729 recensione
1210 2666 1388 2731 libelli
1415 2666 1502 2747 Q.
1533 2665 1780 2731 Cicero·

401 2751 492 2812 nis
522 2749 595 2809 de
622 2747 945 2813 consulath
983 2751 1270 2830 petitione
1295 2794 1314 2823 ,
1348 2748 1524 2814 duces
1550 2749 1613 2809 &
1635 2772 1784 2811 auc-n

398 2845 559 2896 tores
581 2829 811 2890 fuerunt
826 2829 1135 2890 Turnebus
1154 2829 1636 2890 Adversariorum
1674 2851 1769 2914 25.

400 2929 460 2990 3.
495 2911 560 2970 δι.
599 2911 864 2979 Muretus
886 2910 1193 2971 Variarum
1212 2910 1524 2974 leffionum
1552 2931 1626 2986 7,
1680 2932 1778 2979 ιι,
1911 2964 1995 2965 „j

406 3009 498 3051 12.
534 2992 652 3051 διε.
686 2991 805 3055 Sed
849 2992 921 3055 ad
956 2989 1270 3052 institutum
1297 2993 1659 3052 revertimur.

384 3117 387 3121 .
480 3069 603 3128 Has
639 3087 730 3132 tot
756 3075 1017 3133 virorum
1030 3072 1281 3133 eruditas
1302 3072 1772 3147 lucubrationessp

375 3150 571 3217 variis
624 3153 979 3237 temporibus
1025 3156 1091 3221 &
1127 3153 1275 3219 locis
1314 3153 1497 3219 editas
1521 3196 1558 3229 ,2
1584 3169 1646 3217 ut
1690 3175 1778 3229 ‚uz
