2400 4067
272 676 333 743 ai>
358 671 625 740 Hanaamom
649 669 689 740 L.
716 672 774 739 II.
823 691 870 762 51

191 792 253 842 dete
264 789 453 840 controversiam
463 801 564 854 propter
575 787 697 837 nominum
709 789 876 841 mutationem.

232 863 329 915 xxlx.
350 862 472 927 Quoniam
491 862 618 912 exornatio
636 860 728 909 conllat
748 878 778 911 ex
796 863 878 912 simili-

194 940 258 997 bus,
276 938 302 988 dt
314 937 449 1001 exemplis,
467 935 493 985 dt
509 932 754 1000 amplificationibus,
769 948 800 984 ex
814 934 879 1000 iudi·

194 1013 275 1068 catis,
294 1010 320 1061 dt
337 1009 425 1059 ceteris
441 1009 532 1067 rebus,
552 1024 605 1074 quae
615 1006 743 1074 'pertinent
757 1007 786 1056 ad
804 1025 880 1077 exag—

192 1085 321 1152 gerandam
338 1083 364 1133 dt
376 1081 611 1146 collocupletandam
625 1082 878 1148 'argumentationem

193 1175 247 1224 quae
261 1157 309 1207 sint
318 1156 348 1206 iis
364 1157 438 1206 rebus
453 1155 510 1204 vitia
522 1189 529 1213 ‚
548 1154 736 1204 consideremus·
749 1155 831 1204 Simile
842 1156 880 1203 vi-

191 1231 280 1281 tiosum
297 1229 352 1288 est,
374 1228 439 1295 quod
459 1245 490 1277 ex
506 1229 585 1294 aliqua
601 1241 670 1294 parte
691 1227 802 1278 dissimile
823 1227 880 1285 cll,

191 1321 239 1355 nec
252 1305 326 1353 habet
338 1318 421 1368 parem
431 1303 549 1351 rationem
561 1301 745 1367 comparationis
757 1336 765 1361 ,
782 1313 823 1352 aut
833 1301 878 1352 sibi

192 1379 240 1445 ipsi
256 1375 322 1426 obest
338 1376 378 1442 qui
392 1374 470 1425 affert.
493 1374 633 1440 Exemplum
650 1374 762 1424 uitiosum
778 1373 835 1432 est,
859 1375 881 1425 si

194 1463 237 1500 aut
254 1450 336 1499 falsum
353 1449 404 1506 est,
420 1460 450 1497 ut
463 1449 654 1514 reprehendatur
670 1464 678 1498 t
696 1459 738 1498 aut
753 1449 774 1499 si
790 1449 882 1515 impro-

196 1525 272 1581 bum,
290 1535 318 1571 ut
331 1538 380 1571 non
396 1521 428 1571 sit
440 1521 579 1570 imitandum
594 1537 603 1570 t
618 1533 660 1570 aut
672 1520 766 1584 majus,
781 1534 824 1570 aut
836 1523 883 1571 mi·

195 1612 241 1645 nus
253 1627 260 1652 ,
275 1596 345 1660 quim
354 1608 394 1642 res
403 1592 541 1657 postulabit.
550 1592 602 1642 Res
612 1592 717 1658 iudicata
727 1593 816 1645 vitiose
827 1611 882 1660 pto·

197 1668 295 1724 femur,
314 1667 335 1716 si
350 1677 393 1715 ant
408 1664 514 1715 dissimili
530 1665 560 1714 de
576 1681 604 1714 re
620 1664 777 1730 prolatatum
797 1678 838 1717 aut
852 1667 882 1719 de

198 1756 227 1791 ea
247 1757 294 1798 re,
311 1739 342 1788 de
358 1756 404 1804 qna
421 1738 587 1789 controversia
605 1755 654 1788 non
671 1739 725 1798 ell3
742 1752 785 1790 aut
802 1741 823 1791 si
838 1741 884 1791 int·

196 1814 291 1880 probn3
313 1825 355 1861 atat
371 1811 508 1877 ejusmodi,
527 1823 555 1862 ut
571 1823 615 1861 aut
630 1814 730 1877 plures,
750 1826 792 1864 aut
809 1816 883 1884 magis

195 1888 291 1938 idonea
301 1902 342 1935 res
354 1885 465 1950 judicate
473 1886 503 1934 ab
513 1884 653 1935 adversariis
664 1886 767 1952 proferri
778 1889 882 1954 possint.

197 1963 260 2012 item
275 1958 386 2009 vitiosum
403 1958 437 2008 ell
453 1959 496 2016 id,
515 1959 581 2025 quod
591 1959 718 2009 adversarii
735 1960 820 2012 ladlum
835 1960 883 2012 elle

197 2031 378 2091 confiteantur,
396 2032 429 2082 de
444 2048 476 2082 eo
490 2032 673 2100 argumentati,
694 2033 828 2099 &planum
845 2037 884 2086 la-

197 2123 254 2158 cere
272 2107 359 2157 fastum
373 2105 420 2156 elie
434 2123 441 2156 :
456 2122 509 2155 nam
523 2105 547 2155 id
563 2118 658 2156 tantum
674 2108 757 2174 augeri
772 2123 882 2175 oportet.

197 2183 261 2232 ltem
272 2181 384 2230 vitiosum
394 2178 446 2238 est,
464 2180 488 2228 id
498 2195 588 2246 augere
599 2213 607 2237 ,
627 2179 692 2245 quod
706 2183 821 2231 convenit
838 2183 884 2232 do·

197 2256 267 2312 ceri,
286 2266 333 2311 ot,
349 2253 433 2319 siquis
450 2266 513 2318 quem
527 2267 611 2320 arguat
624 2252 740 2302 lomim
754 2254 831 2304 occidi
849 2272 884 2311 e,

200 2330 227 2379 ἃ
242 2339 370 2392 antequam
381 2326 435 2374 latis
450 2326 548 2373 idoneas
559 2326 779 2390 argumentationes
794 2329 885 2376 attule-

200 2403 252 2456 rit,
269 2408 358 2463 augent
377 2408 523 2460 peccatum,
544 2396 570 2444 δι
586 2397 672 2453 dicat,
692 2399 750 2446 nihil
765 2399 886 2464 indignius

202 2472 267 2526 elle,
286 2471 355 2533 quim
361 2466 485 2514 laominem
496 2466 611 2512 occidere
627 2469 769 2514 :nonenim
780 2499 788 2523 ‚
806 2467 887 2517 dtritm

200 2544 326 2608 indignum
338 2539 386 2594 sit,
401 2553 430 2584 an
441 2552 506 2593 non,
519 2535 560 2584 led
571 2535 688 2583 attumne
698 2536 746 2593 sit,
762 2539 888 2600 quaritur.

204 2613 350 2680 complexio
361 2610 446 2659 vitiosa
457 2608 490 2658 est
504 2643 510 2666 ,
528 2623 580 2674 quae
595 2624 664 2663 non,
679 2619 707 2657 ut
720 2609 825 2676 quidque
836 2611 888 2676 pri-

201 2688 265 2740 mdm
285 2687 372 2736 diuum
391 2683 444 2741 est,
466 2680 565 2748 primitm
583 2682 765 2747 compleatur,
789 2684 815 2734 dt
833 2701 887 2751 quae

202 2780 252 2813 non
266 2760 374 2810 breviter
386 2758 528 2814 concludit,
547 2756 572 2805 ὅ(
587 2772 640 2822 quae
655 2773 702 2804 non
714 2773 744 2805 ex
760 2773 888 2807 enumera·
972 2812 978 2819 ,

202 2838 271 2886 tione
288 2833 417 2883 certum&
433 2831 541 2880 constans
554 2830 645 2896 aliquid
655 2830 786 2896 relinquit,
808 2845 834 2880 ut
849 2832 887 2880 in·

203 2909 343 2975 telligdtur,
361 2906 416 2972 quid
426 2905 574 2971 propositum
586 2905 610 2952 in
621 2907 827 2970 argumentatione
839 2906 885 2962 sit,

203 2982 260 3049 qnid
280 2979 366 3028 deinde
386 2980 502 3036 ratione,
525 2978 582 3043 quid
604 2975 806 3034 confirmatione,
829 2979 886 3042 quid

204 3056 258 3105 toti
269 3052 474 3117 argumentatione
486 3050 677 3100 demonstratum.

241 3124 326 3177 XXX.
347 3123 540 3179 Conclusiones,
563 3140 614 3188 quae
631 3124 692 3186 apud
709 3123 809 3171 Graecos
827 3120 886 3180 {ni-

203 3218 279 3272 λογοι
297 3206 467 3262 nominantur,
482 3206 606 3270 tripartitae
625 3204 695 3252 lunt:
709 3220 761 3250 nam
781 3202 886 3250 tutilant

723 3274 776 3334 cij
