2400 4067
242 437 320 529 4ss
436 435 731 503 Torrcm

241 571 313 617 nem
331 546 425 625 fides,
445 569 480 610 ea
491 547 690 630 persuadendo
709 547 851 628 quoniam
864 546 922 608 effi·

246 633 336 704 citur,
355 633 405 712 qui
424 630 461 690 ad
478 628 710 712 persuadendum
726 627 786 687 loci
804 631 924 690 maxime

244 711 384 792 ualeant,
404 710 513 777 diflum
529 708 570 772 est
586 711 616 770 in
640 711 695 783 iis,
720 711 751 767 in
770 710 874 790 quibus
893 712 925 770 de

247 793 330 852 omni
345 795 457 859 ratione
471 791 595 852 dicendi.
622 788 776 851 Peroratio
790 793 927 853 autern&

246 871 304 939 alia
315 870 447 953 quadam
458 872 547 933 habet
555 919 567 947 „
586 872 620 932 ὃ(
632 870 760 937 maxime
775 892 824 931 am
846 870 927 932 litica-

248 954 386 1015 tionem:
407 951 487 1033 cujus
501 950 618 1018 effefius
639 952 662 1010 is
679 950 769 1012 debet
788 972 804 1012 e
830 973 868 1028 e,
885 970 928 1026 ut,

246 1049 298 1099 aut
306 1033 508 1113 perturbentur
517 1037 624 1109 animi,
636 1048 683 1093 aut
696 1033 928 1112 tranquillentur:

250 1115 286 1187 v&
300 1115 323 1172 si
341 1116 381 1173 ita
398 1113 460 1192 jam
480 1112 572 1175 affeeti
589 1113 656 1173 ante
674 1111 758 1187 sunt,
781 1132 813 1173 ut
833 1132 930 1196 augeat

250 1211 355 1253 eorum
372 1211 490 1268 motus,
508 1210 557 1254 aut
574 1193 656 1255 sedet
667 1196 772 1253 oratio.

252 1344 254 1348 Ι
291 1290 342 1352 99.
363 1274 439 1334 Huic
455 1277 575 1357 generi,
594 1276 625 1333 in
683 1295 703 1333 ο
723 1273 757 1334 &
775 1271 933 1336 misericor-

252 1351 320 1426 dia,
340 1354 546 1429 &iracundia,
566 1355 599 1414 &
619 1295 741 1428 eddim,
762 1353 932 1428 &invidia,

251 1434 287 1495 &
306 1451 409 1495 ceterae
423 1438 510 1506 animi
531 1433 697 1499 affettiones
717 1433 932 1516 perturbantur,

253 1532 398 1597 praecepta
412 1514 630 1598 suppeditantur
639 1516 738 1583 aliisiu
749 1515 847 1590 libris,
866 1537 933 1598 quos

253 1599 365 1677 poteris
382 1617 499 1661 mecum
513 1597 629 1680 legere,
643 1592 732 1677 quu'm
747 1595 844 1657 voles.

278 1676 280 1679 ’
300 1695 366 1739 100.
387 1677 477 1738 Adid
488 1695 601 1751 autern,
617 1676 696 1758 quod
710 1692 740 1736 te
756 1676 837 1737 velle
852 1672 934 1737 sense

254 1778 335 1833 ram,
354 1759 496 1826 cumulate
513 1757 683 1819 satisfadum
701 1754 758 1818 effe
777 1756 869 1817 debet
884 1777 934 1817 vo·

255 1836 358 1901 lunari
369 1855 434 1901 tuae.
457 1838 554 1913 Nam,
573 1860 612 1899 ne
623 1840 800 1920 praeterirem
816 1837 934 1918 aliquid,
962 1896 965 1901 .

250 1916 337 1996 ⁸quod
353 1918 391 1976 ad
409 1936 611 2000 argumentum
625 1923 656 1989 in
671 1920 753 1977 omni
767 1919 882 1979 ratione
896 1937 936 1977 re·

256 1997 427 2080 periendum
445 2001 627 2080 pertineret,
655 1998 736 2080 plura
760 1998 851 2080 quim
874 2020 893 2058 a
909 2016 939 2058 te

256 2076 536 2156 desideraturum,
564 2079 625 2139 sum
644 2079 816 2160 complexus
833 2100 843 2152 ;
869 2078 935 2139 feci-

258 2180 336 2240 que,
358 2160 440 2242 quod
462 2159 536 2243 saepe
558 2160 689 2223 liberales
706 2159 876 2223 venditores
893 2158 935 2219 so-

258 2240 339 2316 lent,
358 2258 410 2313 ut,
429 2263 516 2324 quum
534 2243 629 2317 aedes,
654 2240 818 2303 fundumve
837 2240 938 2302 vendi·

261 2321 375 2396 derint,
389 2326 457 2386 rutis
472 2327 549 2384 caesis
565 2325 709 2402 receptis,
726 2321 892 2387 concedant
900 2339 940 2380 ta·

260 2422 329 2462 men
343 2403 379 2469 ali
420 2404 448 2463 'd
465 2407 612 2486 emptori,
645 2402 707 2464 uod
725 2404 850 2464 ornandi
864 2401 939 2463 causa

261 2485 327 2562 apte
340 2484 372 2544 &
398 2506 454 2544 ooo
464 2489 591 2566 positum
603 2425 658 2546 ede
671 2483 816 2545 uideatur.
838 2484 886 2546 Sic
894 2484 941 2542 tibi

262 2583 316 2621 nos
330 2563 367 2623 ad
382 2564 431 2638 id,
452 2566 533 2646 quod
550 2567 630 2648 quasi
641 2566 789 2645 mancipio
810 2565 880 2626 date
894 2563 941 2624 de·

260 2641 390 2715 buimus,
406 2664 576 2709 ornamenta
586 2646 945 2728 quaedamvoluimtunon

262 2721 359 2785 debita
372 2726 518 2795 accedere.

522 2885 681 3000 ὴωῷ
