2400 4067
264 443 270 461 ⁸
330 368 404 437 208
455 370 528 437 Da
553 371 899 441 lurrnrrorrr

244 518 246 521 -
328 483 398 542 dum
421 507 495 545 nunc
515 485 597 546 illurn
618 488 776 566 patiamur,
799 504 898 564 quum
923 479 1019 565 praelllr

327 563 375 625 lex
385 568 437 639 sit,
450 588 510 626 non
523 589 560 627 ex
572 587 628 639 eo,
642 565 720 647 quod
734 564 925 646 apertissime
939 563 1019 644 scrip-

326 658 391 703 tum
405 645 464 721 est,
478 645 527 708 sed
541 669 577 708 ex
596 668 655 721 eo,
669 645 748 726 quod
763 642 822 704 suae
839 643 938 705 causae
952 665 1016 704 con·

328 727 409 785 venit
427 773 436 801 ‚
457 727 598 808 scriptoris
620 726 801 786 voluntatem
823 727 1017 806 interpretari.

329 805 421 884 Qubd
440 812 554 882 sivos,
573 807 710 881 ludices,
727 805 840 888 legibus
856 805 968 867 obtem
988 826 1018 865 e-

328 906 389 945 rare
413 887 546 963 debetis,
568 890 600 949 δι
621 888 651 947 id
672 887 766 947 facere
787 906 853 946 non
901 903 954 947 ote
979 889 1018 960 ἐ,

328 967 381 1025 nisi
399 969 478 1048 quod
498 968 632 1048 scriptum
650 967 736 1028 estin
759 967 851 1048 leges
871 908 1020 1048 {quami-

327 1047 378 1117 ni,
395 1049 463 1127 quid
478 1047 564 1108 causae
580 1048 640 1120 etl,
658 1050 726 1129 quin
742 1045 828 1106 istum
849 1065 960 1108 contra
976 1047 1019 1108 le·

329 1145 396 1207 gem
410 1127 505 1189 fecisse
516 1127 666 1209 judicetis?

371 1227 421 1284 71.
442 1207 649 1291 Assumptionis
679 1204 784 1269 autem'
802 1208 1020 1290 approbatione

329 1290 493 1369 preterita,
511 1288 712 1373 quadripartita
727 1293 765 1348 sic
785 1287 838 1349 fret
858 1311 893 1349 ar
936 1309 1019 1351 men·

329 1373 400 1429 tatio
419 1391 426 1429 :
446 1371 508 1452 Qui
523 1370 718 1454 saepenumero
732 1391 787 1428 nos
822 1389 855 1429 er
869 1310 968 1431 fiddm
980 1369 1022 1431 fe·

331 1447 465 1512 fellerunt
488 1498 498 1527 ,
519 1474 621 1514 eorum
644 1451 767 1512 orationi
792 1392 890 1510 idem
913 1450 1021 1511 habere

332 1551 394 1591 non
412 1533 561 1594 debemus.
581 1532 694 1614 Siquid
711 1534 789 1591 enim
806 1529 935 1612 perfidid
953 1531 1023 1591 illo-

333 1633 397 1670 rum
417 1613 579 1674 detrimenti
594 1615 809 1694 acceperimus,
827 1631 924 1672 nemo
946 1615 1023 1684 erit,

333 1708 436 1771 praeter
455 1692 666 1774 nosmetipsos,
689 1712 776 1773 quem
798 1689 865 1771 jure
888 1691 1024 1752 accusare

334 1776 485 1851 possimus.
499 1773 545 1834 Ac
558 1775 652 1855 primo
668 1773 784 1853 quidem
798 1771 894 1852 decipi
906 1774 1024 1832 incom-

335 1854 459 1913 modum
470 1853 511 1915 est
526 1876 533 1913 z
550 1857 671 1927 iterum,
685 1852 799 1913 stultum
817 1872 824 1910 :
838 1854 930 1912 tertio
942 1898 952 1927 ,
965 1870 1024 1912 tur·

305 1997 307 2002 ,
336 1953 383 2013 pe.
392 1933 637 2019 Carthaginienses
650 1952 745 1995 autem
754 1931 881 2015 persaepe
892 1929 957 2008 iarn
970 1953 1025 1993 nos

336 2012 509 2076 fefellerunt.
532 2015 652 2076 Summa
676 2019 758 2098 igitur
781 2016 907 2074 amentia
932 2012 976 2079 eil
994 2017 1024 2074 in

338 2114 440 2155 eorum
459 2096 517 2157 lide
537 2096 617 2178 spem
635 2096 764 2169 habere,
783 2114 910 2176 quorum
932 2094 1025 2177 perli-

339 2175 386 2237 dir
399 2180 486 2238 toties
499 2178 635 2259 deceptus
651 2181 696 2236 sis.

327 2298 331 2303 ·
380 2277 429 2333 72.
451 2259 581 2340 Utrique
614 2257 820 2339 approbatione
848 2257 1026 2335 praeteritis,
1060 2284 1063 2290 ⁴

339 2339 544 2419 tripartitam,
562 2338 723 2419 hocpadio
748 2358 755 2396 :
780 2335 839 2395 Aut
859 2353 1025 2397 metuamus

340 2416 585 2500 Carthaginienses
604 2435 739 2498 oportet,
758 2419 779 2474 si
791 2416 956 2477 incolumes
975 2439 1027 2477 eos

339 2500 536 2579 reliquerimus
553 2520 561 2570 ;
581 2516 741 2559 aureorum
754 2496 855 2557 urbem
869 2496 1028 2557 diruamus.

341 2576 388 2637 Ac
409 2587 537 2638 metuere
556 2579 673 2658 quidem
696 2599 756 2637 non
779 2593 907 2659 oportet.
927 2577 1030 2638 Restat

341 2661 445 2742 igitur,
460 2677 492 2718 ut
509 2659 610 2718 urbem
629 2658 781 2719 diruamus.

330 2794 332 2801 .
384 2739 452 2800 XL.
474 2740 546 2800 Sunt
566 2755 662 2799 autem
685 2741 733 2819 qui
755 2741 856 2819 'putant
873 2740 1031 2800 nonnum»¹

343 2842 430 2901 quam
447 2820 525 2903 polle
545 2821 748 2901 complexione
769 2821 801 2879 &
819 2837 959 2899 oportere
986 2819 1032 2878 su-

336 2902 506 2985 persederi,
525 2923 614 2984 quum
630 2900 663 2964 id.
677 2899 857 2987 perspicuum
874 2901 933 2974 sit,
951 2901 1038 2982 quod
