2400 4067
254 491 327 567 152
368 468 449 551 'Dr
474 478 812 547 Inraurzona

250 591 303 663 site
321 611 331 663 ;
349 588 463 666 finem,
479 590 577 666 sanare
595 596 755 653 curatione.
776 591 854 653 Item
875 613 946 653 ora-

249 673 321 744 toris
345 672 415 754 quid
434 671 563 733 officium
581 718 594 744 ,
622 676 655 735 ὃ(
678 674 748 756 quid
769 672 861 734 finem
884 671 945 746 esse

250 752 405 826 dicamus,
424 754 516 815 intelli
537 775 619 815 emus
635 801 646 827 ,
674 776 763 838 quum
782 755 838 829 id,
860 755 946 835 quod

251 832 348 896 facere
364 834 453 906 debet
464 881 473 908 ‚
486 776 616 896 oiseium
631 833 687 897 esse
704 837 832 896 dicemus
845 855 855 907 3
868 835 944 896 illud

251 912 332 993 cujus
350 915 436 975 causd
451 915 548 978 facere
567 917 678 993 debet,
696 916 786 993 finem
807 917 945 998 appella·

255 995 385 1056 bimus..

290 1095 320 1153 7.
334 1077 500 1138 'Materiam
518 1080 585 1139 artis
600 1099 665 1140 eam
680 1079 820 1150 dicimus,
835 1080 866 1137 in
883 1099 943 1160 qua

250 1160 346 1218 omnis
368 1180 435 1231 ars,
454 1161 487 1220 ὃ(
508 1181 543 1220 ea
563 1159 709 1234 facultas,
728 1182 792 1241 quae
815 1158 943 1218 confici-

249 1254 297 1299 tur
326 1259 362 1300 εκ
389 1257 479 1314 arte,
503 1239 632 1303 versatur
654 1263 660 1300 :
681 1258 713 1301 ut
737 1244 761 1300 si
784 1241 940 1301 medicinae

251 1322 403 1393 materiam
423 1323 550 1382 dicamus
568 1322 713 1396 morbos,
736 1344 770 1383 ac
791 1322 942 1401 vulnera,

252 1401 333 1480 quod
357 1404 388 1462 in
414 1402 457 1461 his
485 1405 580 1468 omnis
607 1405 751 1465 medicina
776 1401 908 1464 versetur
932 1424 940 1462 ε

251 1483 345 1556 item,
368 1483 470 1566 quibus
493 1488 523 1545 in
546 1484 633 1545 rebus
657 1483 786 1546 versatur
808 1505 879 1558 ars,
906 1484 942 1544 &

251 1561 372 1624 facultas
398 1568 544 1640 oratoria,
561 1586 610 1627 eas
632 1586 679 1627 res
702 1566 853 1626 materiam
872 1566 943 1652 artis

251 1645 405 1706 rhetoricae
429 1649 623 1707 nominamus.
648 1647 709 1706 Has
736 1663 835 1706 autem
859 1665 906 1706 res
932 1691 943 1720 ,

252 1726 300 1785 alii
326 1726 423 1808 plures
442 1750 454 1801 ,·
477 1727 524 1787 alii
550 1729 703 1808 pauciores
732 1725 943 1788 existimarunt.

254 1805 333 1866 Nam
362 1805 488 1889 Gorgias
515 1807 698 1881 Leontinus,
727 1809 942 1889 antiquissimus

253 1885 314 1951 ferd
335 1886 453 1960 rhetor,
471 1889 607 1947 omnibus
628 1888 768 1949 derebus
788 1906 941 1949 oratorem

254 1969 365 2047 optime
384 1966 464 2049 posse
482 1969 578 2030 dicere
596 1968 766 2030 existimavit
785 1991 792 2028 ι
811 1969 858 2029 hic
876 1967 943 2030 infi-

252 2051 365 2122 nitam,
385 2050 416 2108 &
434 2051 602 2110 immensam
620 2052 686 2110 huic
705 2049 831 2109 artificio¹
845 2069 942 2111 mate·

252 2132 324 2190 riam
338 2128 477 2210 subjicere
491 2131 617 2192 videtur.
632 2130 803 2192 Aristoteles
819 2149 940 2206 autem,

253 2214 303 2293 qui
319 2211 386 2272 huic
400 2214 453 2271 arti
465 2212 586 2293 plurima
604 2211 772 2293 adjumenta
787 2230 874 2295 atque
891 2236 941 2273 or-

254 2312 391 2354 namenta
408 2292 650 2370 subministravit,
668 2296 756 2355 tribus
777 2296 806 2352 in
824 2298 942 2377 generi-

253 2373 308 2445 bus
332 2397 428 2436 rerum
447 2375 553 2438 versari
578 2377 702 2437 rhetoris
729 2373 857 2436 officium
882 2398 942 2456 pu-

254 2459 352 2530 ¹tavit,
375 2456 626 2531 demonstrativo,
651 2457 870 2529 deliberativo,
891 2454 941 2535 ju-

254 2537 359 2596 diciali.
374 2536 648 2598 Demonstrarivum
665 2535 725 2610 est,
742 2538 822 2618 quod
838 2537 940 2597 tribui·

254 2633 301 2676 tur
324 2620 354 2677 in
382 2615 500 2695 alicujus
525 2633 610 2678 certae
636 2616 765 2699 personae
787 2618 905 2679 laudem
929 2664 938 2692 ,

254 2715 303 2758 aut
328 2700 584 2778 vituperationem.
612 2697 848 2760 Deliberativum
874 2697 938 2774 est,

164 2832 166 2834 .
272 2778 336 2859 'od
356 2782 483 2858 positum
505 2781 535 2838 in
555 2777 786 2860 disceptatione,
808 2781 840 2840 &
863 2802 940 2839 con-

254 2800 406 2921 sddtatione
434 2859 542 2930 civili,
568 2860 657 2920 habet
682 2863 711 2920 in
737 2860 766 2921 se
791 2860 941 2922 sententia

172 2939 176 2944 ’
256 2941 423 3011 ἀὶἃὶοηεῐη.
441 2940 580 3000 Iudicialc
597 2940 657 3015 est,
676 2943 756 3023 quod
770 2945 896 3021 positum
911 2945 942 3002 in

252 3020 389 3104 judicio,
405 3023 538 3085 habetin
555 3021 584 3086 se
602 3023 813 3088 accusationem
836 3023 868 3087 ὃς
886 3023 942 3086 de-
