2400 4067
254 364 333 456 4&
445 363 759 430 OnAron

254 474 947 557 summaeeloquentiaespeciesexprimendaest;

255 578 346 640 quem
359 557 418 618 hoc
434 577 494 617 uno
506 558 668 632 excellere,
684 556 716 616 id
732 553 773 616 est
791 559 946 633 oratione,

257 656 357 709 cetera
372 642 402 699 in
415 657 453 700 eo
465 637 577 711 latere,
598 639 706 698 indicat
717 656 832 698 nomen
842 637 945 720 ipsum.

256 717 331 783 Non
347 721 426 783 enim
438 721 596 790 inventor,
614 737 664 780 aut
677 721 884 798 compositor,
897 736 945 779 aut

257 799 358 862 attor:
376 798 439 862 hec
455 799 627 881 complexus
646 796 688 863 est
703 800 822 860 onmia:
843 798 894 860 sed
913 801 945 861 &
984 802 987 807 ’

258 879 364 943 Graece
375 882 412 940 ab
427 881 475 941 elo
497 881 597 941 nendo
610 883 705 962 him,
725 880 758 940 &
774 879 948 942 Latineeso·
1020 874 1025 981 j

257 984 343 1044 quens
357 961 448 1024 sinus
462 902 513 1023 eh
543 959 717 1023 Ceterarum
733 963 946 1036 crimmum,
1018 990 1023 1025 r

258 1064 324 1125 quae
338 1041 402 1107 sunt
414 1045 444 1103 in
457 1059 597 1116 oratore,
616 1045 730 1123 part'etn
748 1041 876 1124 aliquam
895 1043 948 1102 sihi

257 1121 376 1206 quisque
391 1122 543 1185 vindicat:
567 1121 685 1183 dicendi
703 1141 825 1197 autern,
851 1123 882 1183 id
907 1121 950 1184 est

259 1203 418 1349 timendi
439 1205 565 1265 maxima
582 1205 653 1278 vis,
674 1203 728 1264 soli
751 1204 820 1264 huie
838 1223 950 1266 conce-

293 1300 349 1346 mr·
802 1312 806 1319 .

301 1365 350 1427 62.
369 1363 560 1448 Quamquam
573 1364 655 1425 enim
665 1363 699 1424 δι
706 1362 876 1446 philosophi
887 1365 950 1447 qni·

260 1445 439 1508 demanare
447 1445 540 1506 locuti
548 1443 612 1505 sunt
622 1442 952 1527 (siquidemfflheo-
1024 1502 1027 1507 .

259 1525 391 1610 phnstus
409 1526 560 1588 divinitate
574 1526 718 1608 loquendi
730 1546 844 1588 nomen
863 1528 954 1588 inve·
1023 1522 1027 1553 ¹

259 1609 325 1683 nit,
340 1607 374 1670 ἃ
387 1605 560 1669 Aristoteles
572 1605 757 1677 Isocratemi
778 1605 841 1667 sum
856 1607 951 1669 laces-

261 1689 353 1763 sivit,
376 1689 409 1750 &
430 1687 638 1769 Xenophontis
655 1707 736 1749 voce
747 1628 853 1748 hiesus
871 1691 953 1771 quasi

261 1767 375 1829 locutas
387 1767 503 1841 serunt3
519 1768 552 1829 &
561 1768 652 1850 longe
661 1771 810 1844 omniurn,
823 1769 952 1852 quicum

303 1867 321 1909 e
341 1846 530 1929 scripserunt,
556 1865 606 1907 aut
627 1849 719 1909 locuti
735 1848 823 1921 sunt,
846 1848 951 1911 exstitit

274 1931 401 1990 navitate
421 1928 455 1989 δι
472 1930 615 2012 gravitate
631 1931 768 2010 princeps
784 1928 886 2003 Plato)
906 1948 951 1990 ta·

262 2029 334 2072 men
352 2010 458 2071 horum
477 2011 573 2070 oratio
591 2029 688 2090 neque
705 2029 816 2072 nervos
824 2054 838 2083 ,
856 2028 953 2095 neque

263 2090 382 2152 aculeos
392 2093 537 2150 oratorios
548 2135 557 2163 ,
577 2111 610 2149 ac
621 2089 750 2150 forenses
759 2091 862 2152 habet.

305 2171 358 2251 63.
374 2170 623 2252 Loquunturenrn
641 2170 755 2246 dusiis,
771 2171 952 2254 quonrmse·

264 2251 335 2314 dare
356 2255 470 2313 animos
489 2253 620 2326 malunt,
644 2251 733 2333 quitor
752 2255 896 2315 irreitare:
914 2255 953 2314 sic

264 2334 304 2395 de
321 2334 409 2396 rebus
419 2335 563 2415 placatis,
579 2353 613 2393 ac
623 2333 744 2393 minime
761 2335 953 2407 turbulentis,

264 2413 396 2475 docendi
410 2413 514 2488 causi,
531 2435 593 2474 non
608 2413 760 2495 capiendi,
776 2415 937 2498 loquuntur
942 2436 953 2488 3

264 2511 298 2555 ut
308 2496 338 2554 in
349 2514 387 2555 eo
398 2493 481 2575 ipso,
495 2495 575 2576 quhd
588 2493 814 2556 delesiationem
830 2498 955 2578 ahquarn

156 2612 157 2615 =
265 2575 440 2636 dicendoart
517 2576 675 2718 sumplus
690 2576 858 2650 nonnullis,
868 2578 955 2659 quim

265 2653 449 2731 necessest,
496 2659 601 2718 cerevi
624 2674 735 2718 eannn.
756 2656 841 2741 Ergo
850 2659 890 2719 ah
900 2659 956 2718 hoc

267 2756 377 2820 genere
394 2759 456 2798 non
473 2736 588 2800 difficile
599 2736 641 2798 esi
650 2739 723 2799 hanc
735 2738 957 2821 eloquentiam,

269 2820 306 2882 de
318 2841 375 2901 qua
383 2841 460 2880 nunc
473 2821 585 2902 agitur,
597 2817 759 2880 secernere.

308 2899 359 2976 64.
374 2901 477 2965 Mollis
492 2899 534 2962 est
551 2903 630 2963 enim
649 2903 743 2963 oratio
758 2899 959 2982 philosopho-
