2400 4067
272 483 351 574 ‘148
402 481 474 551 Dr
503 481 852 551 INVrerorra

273 598 380 669 causi,
396 596 549 658 sedetiam
565 596 657 654 viram
673 595 883 656 amittendam
900 596 963 658 exis·

272 681 439 751 rimarent;
462 678 512 759 qui
533 674 654 735 tandem
678 671 743 733 fieri
767 680 902 756 potuit,
921 680 962 737 nisi

271 759 407 820 homines
433 779 501 832 ea,
527 778 591 838 quae
615 757 729 816 rarione
758 756 963 833 inveniss'ent,

271 840 441 923 eloquentia
453 837 624 920 persuadere
638 833 836 921 poruiffent?
854 838 962 901 Profec-

270 922 304 981 ιὸ
322 942 411 981 nemo
430 965 440 994 ,
458 941 512 978 msr
532 919 614 998 gravi
635 938 669 977 ac
688 914 774 978 suavi
797 940 961 982 commotus

270 1003 426 1072 oratione,
444 1020 534 1082 quum
550 999 658 1058 viribus
671 998 843 1078 plurimirm
859 1000 961 1084 postet,

269 1082 308 1142 ad
332 1080 376 1154 ius
398 1078 533 1141 voluiffet
554 1081 615 1139 sine
638 1080 669 1138 vi
694 1077 892 1145 descendere
911 1105 921 1159 ;
938 1102 961 1143 ιιι
994 1108 997 1113 ·

265 1163 347 1223 inter
367 1182 441 1243 quos
468 1157 561 1242 poffet
583 1158 757 1232 excellere,
788 1184 866 1224 cum
892 1162 961 1225 iisit

268 1259 417 1325 pateretur
437 1243 567 1323 equari,
585 1241 617 1300 &
633 1239 681 1300 sui
696 1241 870 1306 voluntate
893 1243 960 1324 aju-
984 1274 989 1293 ι

268 1324 444 1384 cundissima
465 1319 674 1382 consuetudine
695 1323 869 1387 recederet
883 1369 896 1401 ,
910 1348 958 1409 qm
984 1326 991 1377 ³·

267 1404 425 1487 presertim
433 1400 494 1484 jam
505 1419 613 1463 naturae
628 1403 689 1461 vim
700 1402 867 1468 obtineret
883 1429 934 1489 pro

267 1504 313 1549 rer
332 1483 516 1548 vetustatem.
541 1482 588 1543 Ac
606 1483 702 1563 primi>
720 1485 858 1565 quidem
877 1429 958 1549 sici
984 1536 987 1541 .

267 1585 335 1628 nata
360 1569 392 1627 &
433 1562 560 1649 rogreffa
580 1564 695 1645 longiis
719 1564 907 1663 eloquentia
922 1570 959 1629 vi·

268 1647 354 1709 detur
371 1669 381 1722 ;
403 1589 434 1708 i
455 1650 527 1707 item
545 1643 646 1726 postea
665 1647 810 1708 maximis
831 1653 866 1711 in
886 1650 957 1712 rebus

290 1733 346 1789 acis
365 1729 397 1788 &
414 1728 484 1787 beili
502 1748 567 1786 cum
584 1724 700 1785 summis
724 1726 896 1792 hominum
911 1733 958 1791 uti·

264 1752 393 1869 iiraribus
408 1804 464 1867 effe
477 1807 599 1866 versata.
609 1804 770 1888 Postquam
785 1812 870 1873 verb
886 1833 957 1872 com·

266 1889 393 1950 moditas
405 1887 557 1969 quaedam,
569 1908 659 1967 prava
669 1889 792 1950 virtutis
808 1894 955 1966 imitatrix,

266 1974 328 2032 sine
345 1973 458 2030 ratione
477 1966 583 2040 officii,
604 1967 721 2028 dicendi
740 1975 872 2054 copiam
892 1996 955 2035 con-

265 2051 361 2113 secuta
386 2047 427 2110 est
451 2069 460 2122 ;
486 2068 549 2108 turn
572 2051 691 2131 ingenio
718 2049 801 2112 freta
828 2055 955 2127 malitia)

288 2150 436 2194 ervertere
455 2130 566 2203 urbes,
586 2130 619 2189 &
642 2130 718 2190 vitas
738 2131 954 2199 hominumh-

263 2156 411 2275 iefatrare
427 2209 556 2272 affuevit.

306 2293 377 2354 111.
405 2291 505 2374 Atque
535 2289 619 2371 hujus
649 2312 772 2374 quoque
805 2298 952 2361 exordium

263 2378 352 2451 mali,
370 2378 509 2457 quoniam
526 2375 699 2453 principium
714 2375 794 2435 boni
816 2380 951 2453 diximus,

263 2459 453 2539 explicemus.
467 2453 718 2513 Verisimiilimum
732 2457 812 2517 mihi
823 2462 950 2533 viderur,

263 2539 394 2618 quodam
410 2553 546 2615 tempore
562 2554 658 2614 neque
674 2538 704 2593 in
722 2539 858 2616 publicis
875 2543 949 2604 rebus

263 2617 389 2678 infantes
405 2616 436 2674 &
451 2617 619 2695 insipientes
632 2615 768 2677 homines
781 2620 891 2684 solitos
903 2620 950 2684 elit

262 2697 390 2770 versari,
410 2716 464 2755 nec
483 2696 555 2755 veri)
573 2695 610 2754 ad
627 2699 755 2775 privatas
773 2702 880 2764 causas
898 2725 951 2764 tna·

261 2800 338 2863 gnos
358 2799 391 2837 ac
411 2775 530 2836 disertos
552 2776 687 2836 homines
707 2782 888 2846 accedere:
908 2781 948 2845 sed

262 2881 353 2943 quum
367 2881 388 2919 a
404 2856 518 2917 summis
541 2860 609 2916 viris
632 2861 767 2918 maximae
789 2885 842 2926 res
863 2864 949 2926 admi·

259 2941 444 3004 nistrarentur
459 2984 468 3012 ,
484 2940 608 2998 arbitror
627 2939 699 2998 alios
716 2938 803 3005 fuiffe
828 2967 893 3007 norr
912 2949 949 3005 in·

260 3024 380 3088 callidos
397 3021 555 3097 homines,
575 3021 625 3102 qui
643 3019 680 3082 ad
697 3043 809 3104 parvas
828 3045 947 3094 ςοιιιιο·
