2400 4067
256 444 305 511 62
368 440 834 508 Ruurorrrconunr

253 557 337 624 paucis
354 558 435 608 verbis
453 555 626 614 commutatis,
644 556 691 606 dici
708 554 792 622 posse,
814 556 947 609 dicemur

251 644 281 682 ut
292 629 366 698 paulo
379 630 436 682 anti
447 631 552 698 erernpli
564 630 635 681 causi
649 628 837 683 demonstratum
851 630 896 683 eil.

294 719 336 756 12.
347 705 386 755 Ab
396 705 533 761 auditorum
544 703 663 770 persona,
674 703 695 753 si
704 702 856 755 laudabimus
867 737 875 762 ,
888 720 948 771 quor

251 778 316 831 uiuit
335 797 385 831 non
403 778 467 844 apud
482 779 580 846 ignotos
597 777 740 834 laudemus,
762 792 808 829 nos
826 778 946 832 ruoneudi

251 853 326 909 rausi
341 869 419 919 pauca
432 851 479 904 effe
494 851 598 903 dilluros
612 866 619 900 r
634 863 676 905 aut
686 850 706 901 si
719 861 790 903 erunt
800 850 906 918 ignoti,
920 865 948 907 ur

251 927 327 977 taleni
337 927 413 976 virum
424 927 502 976 velint
511 925 676 993 cognoscere,
686 935 796 990 petamus
808 939 817 974 r
829 929 947 992 quotue·

250 999 276 1050 in
288 999 376 1051 eodeni
386 999 482 1049 virtutis
493 999 569 1050 lindio
580 999 643 1058 sint,
660 998 722 1064 opud
733 1014 793 1064 quos
805 999 949 1058 laudemus,

250 1086 326 1140 atque
342 1074 384 1124 ille
396 1106 404 1132 ,
423 1074 464 1139 qui
474 1073 586 1124 laudatur
595 1105 606 1132 ,
616 1072 708 1132 fuerit,
726 1084 769 1123 rut
777 1071 810 1121 sit
822 1103 830 1133 ,
847 1071 947 1138 sperare

251 1162 298 1196 nos
314 1145 387 1199 facili
402 1147 450 1205 iis,
471 1147 557 1212 quibus
573 1146 695 1206 velimus,
716 1142 786 1208 buius
804 1144 868 1199 fastu
886 1163 945 1214 prus

250 1219 361 1273 laturos.
382 1219 512 1273 Contraria
525 1219 673 1285 vituperatio
686 1234 694 1271 r
708 1217 821 1285 quoniam
839 1221 944 1280 norint,

250 1308 330 1359 pauca
344 1294 374 1346 de
390 1293 498 1361 nequitia
512 1291 567 1360 ejus
574 1310 621 1344 uos
634 1290 682 1345 effe
698 1292 802 1345 &noros
819 1307 828 1344 ε
843 1291 913 1360 quod
926 1295 946 1346 si

250 1365 387 1434 ignorent,
407 1380 519 1435 petemus
533 1382 565 1417 -ur
585 1366 751 1436 cognoscant,
774 1365 811 1417 uti
827 1365 946 1421 malitium

250 1441 330 1492 vitare
346 1443 461 1508 possint:
478 1440 592 1510 quoniam
608 1440 736 1492 dissimiles
752 1437 822 1497 sint,
842 1441 886 1509 qui
905 1459 949 1495 au,

252 1514 340 1574 diunt,
355 1529 428 1583 atque
438 1516 498 1572 ille,
515 1514 556 1582 qui
566 1515 733 1580 vituperatur,
750 1526 795 1563 nos
805 1513 909 1579 sperare
921 1516 948 1567 il·

250 1587 298 1640 lius
310 1589 385 1641 viram
394 1589 552 1641 vehementer
563 1589 751 1655 improbaturus.
768 1585 808 1639 Ab
819 1589 898 1642 rebus
912 1589 948 1658 ip·

250 1661 304 1720 sis,
326 1663 433 1714 incertos
455 1661 522 1718 ess'e,
544 1662 602 1728 quid
622 1658 773 1728 potissimdrn
793 1661 947 1716 laudemusr

251 1736 333 1786 vereri
343 1752 388 1787 nor
398 1768 406 1795 ,
417 1753 464 1793 ne,
475 1751 548 1801 quum
557 1736 632 1785 multa
643 1735 789 1791 dixerimus,
801 1735 874 1800 plura
886 1753 948 1803 prae·

251 1819 397 1866 terearnus;
418 1808 445 1859 δι
463 1824 516 1874 quae
534 1807 624 1858 similes
644 1807 772 1858 sententias
791 1809 946 1863 haneburr

250 1883 337 1947 quibus
359 1879 484 1931 sententiis
506 1881 627 1931 contraria
646 1881 798 1935 sumuntrus
819 1882 949 1950 vitupera·

250 1967 330 2007 tione.

288 2028 351 2081 v11.
366 2026 488 2094 Principio
502 2026 608 2077 nestero
622 2028 651 2076 ab
666 2026 745 2094 aliqua
760 2027 871 2090 harum,
890 2047 950 2100 ques

225 2154 229 2166 ,
251 2100 309 2152 ante
327 2101 586 2159 commemorarunus,
607 2101 745 2157 rationum,
767 2105 884 2155 narratio
898 2122 948 2157 nnn

251 2176 299 2227 erit
314 2176 383 2235 ulla,
400 2172 595 2242 qiraeneceslarid
611 2174 791 2241 consequatur:
808 2176 854 2227 sed
865 2178 886 2229 si
902 2196 946 2246 qna

251 2248 386 2308 inciderit,
403 2267 475 2317 quum
489 2248 587 2316 aliquod
598 2248 687 2301 fartum
698 2246 773 2314 ejus,
792 2248 823 2298 de
843 2268 895 2318 quo
911 2255 949 2303 lo-

252 2340 372 2392 quemur,
391 2325 461 2375 nobis
474 2324 618 2375 narrandum
630 2323 665 2374 sit
677 2339 731 2371 rum
745 2322 816 2372 laude
830 2356 839 2382 ,
855 2336 900 2375 aut
914 2327 950 2376 vi·

253 2399 429 2464 tuperatione,
452 2398 586 2465 praeceptio
605 2395 716 2446 narrandi
735 2395 766 2445 de
785 2397 868 2461 primo
886 2400 952 2452 libro

252 2485 391 2537 repetetur.
406 2473 535 2522 Diuisione
550 2473 596 2520 hac
611 2481 715 2521 utemur.
733 2467 815 2521 Primo
833 2489 950 2540 expone·

253 2561 327 2602 snus,
343 2561 456 2611 quaeres
471 2544 589 2614 laudaturi
599 2543 697 2602 sumus,
715 2556 757 2593 aut
772 2544 952 2612 vituperatori.

254 2617 373 2677 Deinde,
387 2629 414 2667 ur
430 2634 551 2684 queque,
565 2633 646 2684 quove
657 2629 768 2683 tempore
783 2634 822 2669 res
838 2623 893 2673 erit
906 2638 949 2690 ge·

254 2689 310 2750 sta,
330 2692 414 2742 ordine
433 2691 564 2750 dicemus,
583 2702 632 2749 ur,
653 2690 710 2758 quid
729 2708 849 2758 quamque
869 2695 952 2754 tut'e,

254 2763 373 2832 cautique
385 2765 481 2834 egerit,
499 2765 658 2832 intelligatur.
673 2765 722 2815 Sed
732 2782 861 2831 exponere
875 2785 951 2834 opor·

254 2840 317 2890 tebit
325 2840 398 2891 anirni
408 2841 529 2898 virtutes,
548 2851 590 2888 aut
600 2839 659 2888 vitia
672 2855 679 2889 r
694 2839 782 2889 deinde
797 2843 932 2892 commoda
946 2876 954 2899 ,

223 2946 225 2948 -
254 2925 297 2963 ant
307 2913 459 2964 incommoda
475 2913 604 2977 corporis,
620 2924 662 2962 aut
676 2930 756 2963 rerum
770 2925 953 2975 externarum,

254 2989 378 3055 quomodo
388 2992 417 3040 ab
428 2989 508 3041 animo
517 2986 620 3039 traliata
631 2987 694 3048 sint,
710 2986 890 3041 demonium.
901 2991 955 3043 Or·
