2400 4067
328 484 404 581 '328
455 489 529 556 Da·
555 485 895 554 Inranrrona

329 619 438 681 genere
457 599 498 661 est
518 600 609 683 gloria
622 643 636 672 ,
656 597 805 679 dignitas,
827 587 1020 676 amplitudo,

330 684 464 742 amicitia.
480 680 584 743 Gloria
597 677 639 740 est
652 677 787 759 frequens
805 675 843 736 de
856 676 891 736 al'
917 697 957 737 uo
976 674 1020 737 fa·

329 782 379 821 ma
396 785 463 822 cum
478 763 572 822 laude.
584 760 627 821 Di
648 761 745 833 nitas,
763 755 884 836 alicujus
926 777 1019 819 ones-

329 857 382 915 ta,
408 844 441 903 ὃ(
460 844 561 917 cultu,
579 842 612 903 &
629 782 764 913 ionem,
785 838 818 899 ὃ(
837 837 1021 901 verecundid

331 922 418 1005 digna
438 924 602 984 auetoritas.
626 919 828 1002 Amplitudo,
851 921 1018 1001 potentiae,

330 1021 379 1062 aut
404 1002 585 1085 majestatis,
608 1019 656 1063 aut
681 1002 840 1083 aliquarum
866 1002 1018 1082 copiarum

330 1103 437 1165 magna
464 1085 648 1145 abundantia.
679 1080 850 1156 Amicitia,
880 1082 1017 1141 voluntas

332 1183 402 1245 erga
422 1165 547 1247 aliquem
566 1185 663 1225 rerum
683 1164 853 1237 bonarum,
875 1161 950 1222 illius
967 1165 1020 1243 ip·

332 1247 389 1303 sius
410 1250 515 1321 causi,
537 1266 626 1328 quern
647 1243 764 1326 diligit,
785 1264 854 1304 cum
873 1240 936 1323 ejus
956 1243 1017 1324 pati

328 1324 491 1387 voluntate.

377 1406 443 1482 167.
461 1408 543 1481 Hic,
563 1407 630 1490 quia
650 1406 687 1467 de
705 1406 836 1467 civilibus
855 1407 949 1466 causis
968 1404 1017 1466 lo-

330 1488 445 1568 quimur
456 1534 466 1563 ‚
477 1488 583 1550 frutlus
597 1488 636 1549 ad
647 1490 802 1548 amicitiam
815 1485 906 1567 adjun
926 1489 1018 1561 imus,

330 1586 362 1626 ut
380 1589 483 1630 eorum
495 1590 613 1652 quoque
629 1569 714 1629 causi
728 1568 855 1650 petenda
868 1508 1020 1644 videnum

332 1668 371 1709 ne
388 1648 464 1710 forte
483 1654 531 1733 qui
549 1672 604 1710 nos
623 1650 661 1710 de
680 1652 760 1710 omni
777 1650 905 1710 amicitia
922 1648 1016 1712 dicere

333 1728 512 1806 existimant,
526 1730 741 1813 reprehendere
752 1731 892 1811 incipiant
903 1752 1016 1812 :quam

331 1829 419 1890 quam
443 1811 504 1873 sunt
528 1815 577 1892 qui
598 1828 719 1893 propter
746 1811 903 1871 utilitatem
928 1810 1017 1872 modi

333 1892 492 1970 petendam
522 1908 625 1973 putant
655 1893 842 1965 amicitiam3
874 1888 940 1952 sunt
1009 1893 1015 1906 ’

331 1989 453 2052 propter
473 1971 501 2031 se
525 1972 643 2045 soldm3
667 1971 730 2032 sunt
752 1975 800 2113 gui
821 1990 948 2055 propter
967 1913 1017 2048 gu:

334 2052 368 2111 ὃ(
381 2053 533 2113 utilitatem
547 2075 554 2113 :
566 2074 690 2135 quorum
704 2056 752 2136 qui
785 2055 940 2116 verissime
953 2076 1018 2115 con

332 2130 487 2208 stituatur,
517 2135 587 2194 alius
613 2136 693 2195 locus
721 2136 774 2196 erit
800 2134 1015 2196 considerandi·

332 2212 420 2275 Nunc
442 2215 499 2276 hoc
519 2218 558 2275 sic
583 2216 620 2275 ad
639 2216 719 2275 usum
742 2219 905 2276 oratorium
927 2217 1016 2278 relin-

332 2313 457 2376 quatur,
475 2312 630 2378 utramque,
644 2314 765 2379 propter
782 2317 846 2357 rem
861 2299 1016 2359 amicitiam

332 2377 388 2438 elle
408 2378 617 2459 expetendam·

377 2457 445 2519 168,
469 2458 671 2518 Amicitiarum
695 2475 793 2519 autem
815 2461 917 2532 ratio,
942 2482 1016 2543 quo-

331 2539 409 2597 niam
421 2542 526 2618 partim
537 2537 600 2599 sunt
612 2539 798 2622 religionibus
808 2537 915 2619 junclae
928 2587 939 2616 ,
952 2564 1017 2623 par-

332 2619 386 2676 tim
410 2638 470 2677 non
495 2618 584 2693 sunt3
617 2621 649 2679 &
678 2622 744 2702 quia
769 2623 874 2701 partim
899 2640 1016 2685 veteres

332 2695 421 2771 sont,
439 2701 544 2779 partim
564 2722 676 2773 novae;
719 2703 804 2761 artim-
818 2702 855 2762 ab
874 2702 1020 2779 illorum,

331 2779 435 2859 partim
452 2780 487 2839 ab
502 2779 603 2841 nostro
616 2780 653 2842 be
715 2785 760 2841 cio
775 2782 920 2864 profetlaev
926 2807 936 2859 3
953 2808 1017 2867 par·

330 2861 384 2917 tim
408 2862 559 2937 utiliores,
589 2864 694 2943 partim
719 2865 816 2923 minus·
835 2865 955 2940 utiles,
982 2887 1017 2927 ex

331 2939 475 3002 eausamm
495 2943 701 3025 dignitatibus,
721 2960 946 3027 extemporum
965 2968 1019 3029 op,

352 3024 575 3098 ortunitatibus,
600 3044 636 3084 ex
658 3022 783 3098 officiis,
806 3046 847 3087 ex„
861 3028 1024 3113 religioni-

187 3099 301 3270 Ἴ
329 3041 406 3175 ius,
426 3125 463 3164 ex
478 3102 668 3169 vetustatibus.
681 3105 848 3170 habebitur.
