2400 4067
254 478 327 572 178
376 481 452 550 ΒΕ
476 482 814 552 ΙΝγεΝῑιοΝε

289 595 404 658 XXII.
433 597 524 659 Rene
546 596 643 658 habita
663 597 693 655 in
714 593 797 656 causa
816 593 941 675 partitio

228 685 230 688 ’
249 676 387 740 illustrem
406 680 440 740 &
458 680 636 761 perspicuam
651 695 745 739 totam
762 673 850 737 efficit
871 696 943 737 ora-

249 760 371 822 tionem.
397 758 495 822 Partes
516 758 579 841 ejus
605 760 669 820 duae
691 758 782 829 sunt,
813 777 942 838 quatum

249 856 372 923 utraque
394 842 574 924 magnopere
596 840 634 901 ad
655 838 841 922 aperiendam
865 859 944 898 cau·

250 919 332 996 sam,
353 923 386 984 &
410 921 640 985 constituendam
666 923 791 1002 pertinet
814 936 944 981 contro·

219 1028 224 1039 ’
251 1007 385 1065 versiam.
411 1003 480 1066 Una
497 1026 563 1086 pars
587 1002 651 1077 est,
671 1024 758 1085 quae,
778 999 850 1082 quid
871 1019 942 1083 cum

251 1083 419 1145 adversariis
437 1089 616 1158 conveniat,
633 1085 666 1146 &
686 1082 756 1165 quid
773 1085 804 1142 in
819 1099 943 1142 contro·

250 1167 345 1226 versia
362 1167 562 1248 relinquatur,
577 1164 702 1227 ostendit
719 1186 727 1223 :
748 1184 786 1224 ex
802 1184 861 1244 qua
876 1182 944 1223 cer·

251 1262 315 1307 turn
332 1247 470 1328 quiddam
485 1248 545 1309 desi
567 1265 650 1306 natur
669 1244 813 1316 auditori,
829 1244 860 1302 in
878 1264 942 1325 quo

252 1329 380 1388 animum
392 1329 498 1390 debeat
512 1328 532 1388 h
571 1348 620 1390 ere
636 1344 820 1406 occupatum.
836 1323 942 1386 Altera

253 1405 315 1483 est,
332 1413 363 1469 in
379 1432 438 1492 qua
452 1430 548 1471 rerum
567 1430 689 1483 earum,
706 1408 743 1469 de
761 1406 864 1488 quibus
882 1406 943 1466 eti·

254 1509 318 1548 mus
341 1490 442 1551 diduri
464 1536 476 1566 ,
502 1492 631 1552 breviter
653 1489 797 1570 expositio
820 1488 942 1568 ponitur

254 1567 403 1632 distributa
424 1594 434 1646 ;
455 1592 492 1632 ex
513 1594 572 1654 qua
592 1569 744 1633 conficitur
763 1614 775 1642 ,
792 1586 824 1628 ut
845 1583 942 1629 certas

253 1653 351 1712 animo
375 1673 420 1714 res
444 1670 543 1714 teneat
566 1653 711 1725 auditor,
736 1649 839 1732 quibus
857 1648 942 1709 diuis

252 1732 394 1815 intelligat
413 1731 477 1793 fore
502 1751 681 1815 peroratum.
706 1730 791 1792 Nunc
814 1746 942 1812 utroque

253 1832 360 1894 genere
380 1816 541 1894 partitionis
558 1811 807 1894 quemadmodum
827 1831 944 1872 conve·

254 1894 314 1953 niat
330 1897 391 1968 uti,
407 1895 536 1955 breviter
552 1894 707 1954 dicendum
722 1892 849 1953 videtur.
861 1890 942 1971 Quae

254 1976 371 2056 partitio
391 2020 400 2049 ‚
421 1976 490 2056 quid
510 1978 688 2049 conveniat,
715 1991 763 2034 aut
786 1972 856 2054 quid
880 1993 946 2033 non

257 2058 438 2129 conveniat,
462 2054 586 2117 ostendit
610 2077 620 2129 ·,
646 2057 709 2116 haec
734 2055 821 2116 debet
844 2052 944 2129 illud,

256 2135 337 2216 quod
360 2139 517 2211 convenit,
541 2137 679 2199 inclinare
697 2136 744 2195 ad
773 2134 828 2196 suae
852 2132 944 2196 causae

257 2216 448 2278 commodum
462 2264 472 2292 ,
484 2220 542 2280 hoc
554 2219 647 2280 modo
661 2214 864 2278 :Interfediam
875 2237 945 2276 ma-

256 2312 331 2359 trem
351 2297 407 2361 effe
423 2299 543 2375 afiiio,
560 2302 701 2361 convenit
717 2298 787 2358 mihi
806 2319 873 2357 cum
889 2297 944 2358 ad·

256 2379 397 2441 versariis.
420 2380 497 2442 Item
519 2381 621 2442 contri
642 2403 650 2441 ι
673 2377 861 2440 Interfedum
885 2377 946 2441 effe

258 2481 276 2519 a
293 2459 517 2542 Clytaemnestra
529 2462 809 2545 Agamemnonem,
829 2480 944 2521 conve-

258 2543 301 2599 nit
319 2562 327 2599 ε
344 2562 412 2601 nam
428 2542 475 2603 hic
492 2559 613 2623 uterque
632 2543 711 2602 &id
728 2540 841 2622 posuit,
860 2541 944 2622 quod

259 2623 474 2696 conveniebat,
500 2625 650 2684 &tamen
669 2622 723 2682 suae
743 2625 830 2681 caufae
854 2644 945 2681 com-

259 2701 352 2761 modo
363 2702 514 2775 consuluit.
531 2701 670 2776 Deinde,
682 2702 751 2792 quid
768 2719 946 2764 controver-

259 2782 308 2842 aiae
328 2786 385 2856 sit,
399 2782 571 2865 ponendum
587 2780 629 2845 est
643 2787 674 2842 in
692 2784 873 2862 Judicationis
891 2804 946 2844 ex-

259 2865 404 2944 positione
424 2886 432 2924 :
451 2887 515 2946 quae
532 2863 781 2946 quemadmodum
798 2866 947 2928 invenire·

259 2961 326 3020 tur,
344 2945 411 3006 ante
431 2945 539 3006 didiunr
555 2943 607 3006 est.

303 3044 352 3106 32·
373 3026 450 3109 Qua
473 3045 572 3090 autem
590 3028 705 3111 partitio
726 3047 823 3089 terum
846 3025 946 3086 distri-
