2400 4067
664 673 1257 744 RHErontcA
1309 667 1511 740 Lm.
1567 671 1628 743 I.
1736 688 1886 768 147

514 793 681 852 mani
718 787 893 850 officii
925 789 1073 847 ratio
1112 785 1415 847 colebatur
1459 806 1477 846 ι
1516 805 1694 850 nemo
1731 810 1886 872 nup-

523 874 634 932 tias
678 871 903 932 viderat
944 868 1231 950 legitimas
1270 887 1284 926 :
1325 887 1449 928 non
1489 886 1683 928 certos
1726 873 1888 952 quis·

526 973 702 1034 quam
735 950 1058 1034 inspexerat
1096 950 1315 1010 liberos
1357 968 1373 1008 ι
1412 967 1534 1008 non
1568 943 1660 1028 jus
1691 970 1892 1032 aequa-

522 1033 642 1094 bile
674 1033 812 1116 quid
839 1032 1097 1093 utilitatis
1128 1030 1416 1100 haberet,
1447 1047 1778 1111 acceperat.
1805 1029 1893 1094 Ita

520 1132 768 1197 propter
787 1132 1051 1176 errorem
1066 1156 1087 1183 ,
1110 1129 1292 1194 atque
1313 1108 1669 1172 inscientiam
1689 1157 1709 1184 ‚
1740 1133 1893 1176 caeca

521 1215 593 1256 ac
628 1199 934 1257 temeraria
972 1193 1323 1254 dominatrix
1359 1193 1536 1253 animi
1568 1193 1894 1276 cupiditas,

520 1277 597 1337 ad
632 1275 689 1338 se
726 1270 1080 1359 explendam
1116 1276 1336 1334 viribus
1378 1275 1645 1354 corporis
1685 1274 1897 1338 abute-

517 1357 691 1419 batur
724 1404 743 1433 ,
788 1357 1285 1441 perniciosissimis
1335 1353 1688 1416 satellitibus.
1742 1355 1892 1436 Quo

516 1455 795 1520 tempore
819 1438 1093 1521 quidam,
1125 1457 1369 1520 magnus
1397 1435 1678 1498 videlicet
1707 1440 1797 1501 vir
1826 1439 1893 1500 &

517 1517 748 1601 sapiens
770 1564 792 1590 ‚
824 1521 1148 1601 cognovit,
1181 1538 1310 1598 quae
1339 1519 1582 1578 materia
1613 1514 1789 1592 esset,
1827 1519 1892 1581 &

522 1615 741 1682 quanta
771 1598 851 1659 ad
880 1601 1159 1658 maximas
1194 1616 1286 1657 res
1322 1599 1734 1677 opportunitas
1766 1601 1898 1661 ani-

523 1681 638 1739 mis
675 1677 878 1740 inesset
908 1679 1214 1740 hominum
1235 1722 1256 1751 ‚
1290 1678 1341 1737 si
1374 1677 1500 1759 quis
1539 1696 1670 1739 eam
1709 1678 1896 1760 posset

521 1759 775 1834 elicere,
806 1760 871 1821 &
907 1757 1306 1841 praecipiendo
1335 1758 1644 1819 meliorem
1676 1760 1897 1822 redde-

521 1861 589 1902 re
625 1861 638 1899 t
670 1842 773 1923 qui
805 1838 898 1901 dis
929 1838 1083 1901 ersos
1115 1840 1386 1899 homines
1415 1840 1476 1898 in
1509 1841 1694 1922 agris,
1735 1842 1796 1908 ὃ(
1833 1844 1894 1904 in

519 1921 687 1983 teffis
713 1921 856 1983 silve
908 1921 1061 1982 ribus
1083 1920 1356 1992 abditos,
1384 1923 1610 1982 ratione
1640 1922 1895 2004 quadam

517 2003 810 2084 compulit
842 2023 1023 2064 unum
1055 2003 1114 2062 in
1158 2002 1358 2063 locum
1392 2046 1413 2074 ‚
1454 2002 1520 2062 ὃ(
1559 2022 1678 2062 con
1721 2024 1897 2088 rega-

513 2086 605 2146 vit
623 2130 642 2159 ,
675 2085 741 2146 ὅτ.
765 2105 869 2146 eos
884 2087 948 2145 in
972 2103 1440 2166 unamquamque
1459 2103 1586 2144 rem
1609 2023 1891 2148 inducens

513 2167 719 2227 utilem
745 2184 918 2249 atque
943 2163 1248 2227 honestam
1269 2210 1288 2238 ,
1358 2165 1508 2224 rimo
1536 2183 1780 2246 propter
1805 2169 1895 2230 in-

515 2247 823 2307 solentiam
848 2247 1231 2308 reclamantes
1250 2291 1270 2318 ,
1341 2247 1514 2306 einde
1538 2264 1779 2326 propter
1806 2270 1896 2310 ra-

523 2330 753 2389 tionem
776 2373 795 2404 ,
835 2346 1011 2409 atque
1056 2328 1390 2388 orationem
1435 2325 1737 2388 studiosius
1787 2351 1895 2389 au·-

527 2409 759 2468 dientes
789 2453 809 2482 ,
852 2428 926 2467 ex
971 2406 1107 2466 feris
1156 2407 1223 2464 &
1272 2405 1617 2466 immanibus
1654 2451 1674 2480 ,
1721 2411 1892 2472 mites

530 2487 785 2549 reddidit
820 2487 886 2547 &
922 2484 1269 2545 mansuetos·

619 2585 675 2647 3.
718 2565 812 2627 Ac
864 2566 1007 2627 mihi
1054 2564 1294 2647 quidem
1335 2560 1568 2622 videtur
1617 2562 1735 2625 hoc
1784 2587 1898 2630 nec

521 2652 741 2722 tacita,
775 2667 885 2708 nec
928 2649 1101 2727 inops
1136 2643 1373 2705 dicendi
1404 2641 1679 2724 sapientia
1716 2646 1898 2728 perfi-

527 2751 661 2791 cere
698 2725 982 2811 potuisse,
1014 2743 1079 2787 ut
1108 2727 1378 2788 homines
1409 2747 1444 2785 a
1477 2725 1897 2794 consuetudine

519 2810 714 2873 subito
762 2826 1179 2883 converteret,
1233 2808 1300 2867 &
1344 2807 1419 2867 ad
1465 2806 1715 2868 diversas
1755 2811 1815 2868 vi

528 2896 782 2953 rationes
822 2891 1173 2951 traduceret.
1218 2888 1359 2972 'Age
1401 2886 1548 2948 vero
1587 2932 1607 2960 ,1
1655 2892 1823 2952 urbib
1878 2896 1886 2906 ’

528 2972 850 3034 constitutis
878 3017 896 3046 ‚
931 2990 994 3032 ut
1026 2971 1208 3034 fidem
1244 2971 1442 3032 colere
1466 3014 1485 3043 ,
1519 2968 1582 3028 δι
1619 2968 1747 3048 justi
1775 2976 1787 2988 “

507 3056 781 3113 ·retinere
817 3053 1132 3128 discerent,
1159 3054 1227 3113 ὅτ.
1258 3053 1379 3112 aliis
1420 3048 1623 3132 parere
1651 3048 1762 3114 suffia

507 3134 750 3193 ‘luntate
790 3132 1268 3207 consuescerent,
1309 3155 1377 3192 ac
1419 3151 1543 3191 non
1582 3148 1643 3188 m

517 3214 705 3276 ⁴bores
764 3215 1141 3295 excipiendos
1201 3212 1528 3276 communis
1587 3228 1659 3268 cn

1510 3285 1655 3372 cij
