2400 4067
234 482 533 546 RnaronicA
561 479 663 543 ΜΒ.
689 480 743 546 ΙΙ.
796 479 871 572 287

182 593 233 675 'jor
252 593 383 674 qnaedam
397 596 440 652 vis
458 591 498 652 est
513 613 522 665 3
540 593 624 674 quod
640 594 728 673 pauli)
745 592 809 674 post
824 597 873 652 in-

186 676 342 756 telligetur.

230 773 279 833 93.
295 754 327 813 ln
339 754 397 812 hoc
411 771 508 812 autem
518 775 579 813 non
588 753 720 815 accusare
733 752 875 826 alterum,

186 857 246 896 nec
258 835 372 914 culpam
382 837 412 892 in
427 835 512 893 alium
528 835 683 895 transferre
702 835 812 906 debet,
826 833 876 895 sed

187 915 408 988 demonstrare,
423 936 488 974 eam
504 936 567 974 rem
582 937 637 976 nec
648 918 689 975 ad
705 915 753 989 se,
768 935 824 974 nec
839 914 877 974 ad

187 996 388 1079 potestatem,
403 1017 499 1078 neque
516 997 554 1055 ad
567 996 698 1056 officium
712 995 793 1056 suum
810 1016 878 1076 per·
900 990 903 996 ’

187 1076 303 1137 tinuisse
319 1095 368 1136 aut
383 1080 539 1157 pertinere.
554 1077 695 1159 Atquein
711 1078 769 1137 hoc
787 1097 878 1159 gene·

187 1180 223 1218 re
240 1159 298 1218 hoc
313 1161 416 1217 accidit
432 1159 524 1231 novi,
542 1159 622 1239 qubd
638 1158 785 1218 accusator
802 1179 877 1238 quo·

214 1238 295 1298 uesae
317 1259 334 1298 e
345 1258 382 1299 ex
391 1241 557 1299 remotione
568 1241 800 1300 criminationem
809 1260 880 1298 con·

232 1323 263 1378 ‘t.
279 1261 322 1377 IX
341 1320 366 1376 si
381 1322 446 1399 quis
464 1341 532 1378 eum
547 1320 680 1394 accuset,
697 1322 770 1400 qui,
789 1340 878 1400 quum

190 1415 302 1484 praetor
324 1397 418 1472 effer,
441 1401 471 1457 in
494 1400 715 1479 expeditionem
737 1402 774 1459 ad
800 1420 879 1458 arma

239 1482 339 1561 pulum
349 1482 482 1552 vocarit,
495 1501 587 1560 quum
598 1481 728 1540 consules
740 1478 879 1540 adessent.

191 1496 276 1623 {itm
287 1577 323 1620 ut
337 1562 368 1618 in
381 1559 528 1640 superiore
542 1562 680 1642 exemplo
697 1581 762 1621 reus
778 1562 814 1620 ab
827 1559 880 1621 suo

192 1641 317 1715 officio,
337 1662 371 1699 ac
393 1639 536 1721 potestate
553 1641 661 1701 fabium
684 1642 881 1714 dimovebat3

190 1726 237 1783 sic
260 1722 368 1781 in'hoc
386 1723 423 1781 ab
444 1720 510 1801 ejus
533 1721 632 1782 officio
658 1745 691 1782 ac
714 1721 882 1804 potestate,

194 1807 247 1886 qui
258 1801 422 1875 accusatur,
437 1803 496 1884 ipse
507 1804 653 1864 accusator
661 1803 770 1863 fabium
782 1816 883 1864 remo·

194 1884 316 1956 vendo,
328 1884 385 1942 ³hac
399 1883 458 1964 ipsa
473 1887 586 1944 ratione
603 1884 755 1945 confirmat
772 1883 884 1944 accusa·

194 1968 321 2026 tionem.
331 1963 367 2024 'ln
377 1966 431 2024 hac
440 1966 478 2024 ab
492 1983 617 2046 utroque
630 1987 665 2026 ex
673 1967 815 2026 omnibus
827 1966 883 2025 ho·

196 2045 315 2107 nestatis
335 2047 371 2105 ὅ(
394 2047 522 2104 utilitatis
541 2048 694 2125 partibus,
717 2047 883 2127 exemplis,

199 2130 288 2208 signis
306 2172 315 2200 ,
333 2126 555 2199 ratiocinand0,
574 2127 644 2219 quid
663 2124 797 2207 cujusque
810 2125 886 2185 offi-

197 2212 259 2281 cii,
279 2205 348 2286 juris
367 2249 378 2277 ,
398 2204 548 2284 potestatis
569 2222 605 2263 s1t
623 2250 633 2278 ,
653 2209 741 2286 quaeri
760 2224 886 2285 oporte·

199 2290 266 2362 bit,
286 2288 318 2345 &
337 2330 347 2357 ,
367 2284 491 2344 fueritne
509 2286 562 2355 ei,
583 2304 643 2364 quo
666 2285 703 2343 de
720 2289 833 2365 agitur,
856 2285 887 2343 id

198 2368 294 2450 juris,
312 2363 419 2437 officii,
441 2361 591 2444 potestatis
609 2365 797 2437 attributum,
818 2384 889 2423 nec·

201 2470 252 2508 ne.
275 2447 372 2505 Locos
390 2462 488 2504 autem
506 2465 677 2505 communes
698 2465 735 2505 ex
755 2443 814 2524 ipsa
834 2465 888 2517 re,

203 2533 229 2586 si
252 2527 322 2607 quid
345 2525 573 2608 indignationis,
601 2544 650 2585 aut
673 2524 888 2606 conquestionis

202 2609 345 2680 habebit,
365 2606 435 2667 sumi
444 2607 604 2687 oportebit.

247 2687 376 2748 XXXI.
399 2687 560 2748 Concessio
577 2686 638 2760 est,
656 2707 810 2769 perquam
828 2708 890 2745 non

204 2768 314 2832 fabium
331 2768 425 2849 ipsum
446 2769 586 2850 probatur
610 2769 646 2827 ab
673 2789 725 2827 teo
751 2789 757 2826 ι
782 2767 832 2827 sed
858 2784 891 2826 ut

202 2849 392 2929 ignoscatur,
410 2848 442 2905 id
459 2853 576 2929 petitur.
599 2846 690 2927 Cujus
709 2864 804 2928 partes
826 2846 891 2904 sunt

207 2931 293 3004 duae,
311 2930 472 3008 purgatio,
494 2930 527 2988 &
551 2930 731 3008 deprecatio,
755 2928 890 3007 Purgatio

207 3009 251 3071 est
266 3055 278 3085 ,
295 3029 349 3091 per
368 3030 455 3091 quam
474 3007 557 3089 ejus,
577 3012 627 3089 qui
646 3008 810 3081 accusatur,
830 3027 891 3065 non
