2400 4067
267 491 403 568 ,ςω
520 468 822 538 Oarron

324 610 414 670 quam
432 587 592 656 dubitavit,
611 585 679 665 quin
695 584 724 640 in
747 581 909 662 republica
928 581 1006 643 nostra

326 673 434 751 primas
448 667 495 728 elo
517 668 615 728 nentia
627 664 751 725 tenuerit
767 662 915 744 semper,
934 665 1007 724 urba·

321 752 390 824 nis,
402 689 563 831 pacatisque
574 745 677 817 rebus3
689 740 832 803 secundas
842 788 853 817 ,
862 741 933 821 juris
941 743 1009 804 scien·

325 829 391 890 tia?
410 849 500 910 quum
511 831 542 886 in
554 826 663 898 altera,
677 826 794 905 gratiae,
811 825 935 906 gloriae,
952 847 1010 906 pra·

330 911 394 970 sidii
407 910 563 992 plurimum
573 905 642 967 esset
650 925 660 977 3
678 907 709 963 in
721 903 835 977 altera,
849 903 1012 987 persecutio·

329 1012 419 1064 num,
436 990 661 1068 cautionumque
670 988 838 1066 praeceptio
855 1007 865 1058 ;
927 1007 950 1045 ae
965 987 1012 1068 qui
1056 1054 1058 1069 Ι

331 1069 401 1131 dem
420 1067 479 1151 ipsa
488 1068 624 1129 auxilium
640 1066 677 1126 ab
691 1064 870 1147 eloquentia
895 1087 958 1148 aepe
968 1087 1013 1147 pe·

330 1166 428 1220 teret,
449 1150 485 1211 erl
504 1149 577 1209 vero
588 1163 772 1229 repugnante
787 1150 841 1208 vix
852 1146 918 1208 suas
930 1150 1013 1230 regio·

333 1250 386 1292 nes
401 1228 477 1290 sines
513 1227 723 1290 edefenderet.
1050 1296 1053 1303 Ι

379 1328 445 1384 142.
501 1331 533 1369 ur
551 1311 635 1392 igitur
651 1305 697 1386 jus
714 1307 804 1369 civile
825 1308 940 1370 docere
955 1307 1014 1370 sem·
1048 1334 1053 1379 f·

334 1390 556 1472 perpulchrum
576 1388 648 1461 suit,
665 1387 889 1471 hominumque
911 1390 1016 1450 clarissi-

327 1492 452 1533 morum
467 1469 608 1553 discipulis
619 1468 782 1529 floruerunt
794 1470 907 1530 domus
918 1492 928 1543 ·,
942 1471 976 1530 ad
985 1471 1017 1530 di·
1050 1494 1053 1499 ·

255 1570 257 1574 ’
335 1551 567 1632 cendumsiquis
576 1566 679 1622 acuat,
696 1566 745 1609 aut
758 1547 889 1629 adjuvet
898 1553 928 1610 in
939 1572 973 1614 eo
982 1549 1018 1630 ju·
1049 1556 1053 1609 i

333 1649 507 1707 ventutem,
520 1634 700 1712 vituperetur
714 1628 726 1689 ἓ
755 1628 838 1690 Nam
855 1635 885 1692 'si
899 1631 1019 1694 vitiosum

337 1711 379 1775 est
393 1713 490 1774 dicere
508 1714 632 1786 ornate,
651 1710 776 1792 pellatur
789 1716 919 1774 omnino
936 1715 1020 1774 ecivi·
1050 1698 1056 1825 ἱ

335 1810 396 1855 tate
410 1793 595 1875 eloquentia:
617 1794 660 1852 sin
678 1811 712 1851 ea
729 1813 793 1852 non
812 1794 913 1856 modo
925 1815 1020 1855 eosor·

337 1891 406 1946 nat,
422 1894 513 1952 penes
529 1873 603 1955 quos
614 1870 676 1943 est,
692 1871 742 1932 sed
759 1875 854 1934 etiam
869 1875 1020 1936 universam

337 1953 567 2033 rempublicam
592 1973 641 2011 cur
661 1969 710 2011 aut
731 1953 844 2015 discere
864 1972 952 2037 turpe
972 1954 1021 2028 est,

338 2034 420 2115 quod
436 2033 506 2094 scire
522 2032 676 2093 honesturn
690 2031 747 2093 est:
768 2051 840 2109 aut,
856 2037 941 2118 quod
954 2035 1021 2098 nosse

340 2112 1022 2253 pulcherrimumest‚idnon⁶gloriosumdocere?

382 2194 475 2256 XLII.
495 2195 536 2255 At
554 2195 677 2256 alterum
694 2193 723 2252 fa
752 2198 860 2256 iratum
878 2197 942 2273 est,
962 2200 1023 2260 alte-

340 2298 405 2338 rum
413 2298 533 2336 novum.
550 2275 671 2336 Fateor:
683 2273 893 2359 sedutriusque
903 2282 946 2340 rei
955 2278 1024 2339 causa

342 2356 393 2418 est.
408 2357 543 2418 ,Alteros
554 2360 632 2418 enim
648 2354 865 2437 respondentes
883 2361 982 2421 audire
992 2359 1024 2420 sat

342 2456 422 2512 erat,
441 2454 473 2498 ut
488 2441 526 2513 ii,
549 2441 598 2519 qui
618 2437 777 2510 docerent,
798 2440 919 2500 nullum
933 2442 984 2501 sibi
997 2441 1024 2501 ad

342 2537 409 2578 eam
423 2539 485 2579 rem
498 2536 613 2599 tempus
627 2520 680 2597 ipsi
694 2516 878 2597 seponerent
891 2543 902 2593 ;
922 2522 974 2583 sed
985 2544 1026 2583 eo·

343 2598 412 2658 dem
426 2616 560 2678 tempore
581 2600 613 2658 &
630 2596 803 2662 discentibus
819 2599 1027 2676 satisfacerent,

344 2679 377 2738 &
391 2678 622 2738 consulentibus:
640 2678 720 2737 alteri
733 2700 824 2760 quum
840 2681 1027 2744 domesticum

322 2776 324 2780 '
341 2776 458 2839 ternpus
470 2761 498 2818 in
513 2758 740 2841 cognoscendis,
759 2765 1027 2848 componendisque

344 2844 457 2916 taurin,
482 2840 596 2901 forense
615 2844 644 2901 in
664 2840 810 2921 agendis,
837 2845 990 2925 reliquum
1008 2851 1029 2906 in

343 2922 441 3002 seipsis
477 2920 639 2982 reficiendis
674 2941 765 2980 omne
799 2924 1030 3000 consumerent;

345 3024 433 3087 quem
453 3000 783 3067 habebantiustituendi
796 3024 813 3080 ,·
833 3023 887 3069 aut
909 3007 1033 3073 docendi
