2400 4067
344 489 401 583 46
458 490 924 559 Rurronrconunt

320 668 323 672 ⁴
386 610 434 657 Cur
446 608 519 658 talem
533 608 632 659 inritam
648 608 746 659 inritum
761 608 824 676 cogis
839 605 972 675 linquere?

346 677 413 744 Quae
429 681 478 731 hoc
494 683 568 733 modo
585 683 782 739 concludentur,
803 692 845 730 out
861 697 893 731 ex
910 679 1040 734 contrario

346 767 544 815 convertentur,
571 768 614 807 aut
635 772 666 806 ex
686 755 788 823 simplici
810 766 880 821 parte
899 756 1040 823 reprehen-

346 826 446 877 dentur.
465 828 503 877 Ex
517 830 641 880 contrario
656 830 704 879 hoc
718 829 792 879 modo
804 844 812 878 s

386 900 465 951 Nulla*
480 917 503 951 tr
520 903 637 972 indigni,
656 917 734 958 nora,
755 899 834 968 afficio
850 897 950 967 injurii.

383 972 414 1023 Si
421 973 508 1039 probus
519 976 552 1038 cst
563 1009 570 1033 ‚
584 977 641 1026 dene
652 975 731 1026 locavi
744 990 752 1024 .·
765 975 803 1025 sin
813 990 889 1025 autem
899 973 1037 1043 improbus,

383 1045 502 1097 Dirorrio
519 1064 542 1098 rc
557 1048 663 1100 liberabo
680 1047 842 1099 incommodis

346 1115 384 1169 Ex
402 1120 503 1186 simplici
519 1136 589 1189 parte
604 1123 835 1189 reprehendentur,
855 1119 876 1171 si
895 1135 928 1170 ex
944 1117 1037 1189 'duplici

346 1195 507 1245 conclusione
525 1195 644 1246 alterutra
660 1211 714 1261 pars
734 1195 851 1253 diluitur,
871 1194 922 1245 hoc
938 1195 1015 1245 modo
1025 1189 1040 1263 ἑ,

383 1266 449 1316 Nam
462 1268 484 1317 si
498 1268 626 1337 inprobum
643 1265 807 1337 Cresphontem
820 1266 1018 1329 exilientium,

383 1342 434 1388 Cur
444 1358 479 1389 me
494 1342 547 1390 linio
563 1340 661 1391 lucebas
674 1340 786 1410 nuptiis?
802 1340 876 1390 Duxi
888 1339 999 1407 probum.

382 1411 472 1462 Errrvi
483 1429 492 1463 t
502 1414 557 1482 post
572 1415 691 1483 cognovi,
712 1414 736 1463 6·
745 1411 816 1482 fugio
832 1412 959 1481 cognitum·

344 1480 412 1553 Ergo
428 1489 587 1552 reprehensio
602 1489 674 1557 hujus
691 1486 854 1538 conclusionis
871 1486 963 1551 duplex
981 1484 1036 1544 elit

343 1558 441 1609 acutior
459 1560 501 1610 illa
519 1560 655 1628 superior,
678 1561 773 1613 facilior
793 1562 845 1611 haec
865 1558 987 1626 posterior
1006 1560 1036 1610 ad

342 1632 543 1700 excogitandum.

382 1704 482 1759 XXV.
503 1707 566 1757 Item
584 1705 671 1756 vitiosa
690 1705 724 1755 est
742 1704 894 1759 confirmatio
912 1703 1034 1765 rationis,

343 1793 419 1843 quum
438 1778 468 1827 ei
481 1792 508 1829 re
528 1796 581 1844 quae
599 1781 668 1845 plura
689 1779 826 1848 significat,
848 1777 968 1830 abutimur
990 1796 1035 1845 pro

342 1862 416 1900 certo
426 1849 504 1901 unius
519 1853 555 1902 rei
570 1851 661 1920 signo,
680 1853 728 1903 hoc
743 1854 818 1905 modo
835 1869 842 1903 t
860 1849 961 1918 Neceffe
977 1852 1011 1914 cst
1027 1882 1036 1910 ‚

343 1922 455 1989 quoniam
466 1923 567 1991 pallet,
586 1942 605 1975 ae
620 1925 705 1992 rotrffc
723 1941 732 1977 t
748 1940 809 1986 aut,
829 1923 929 1991 Necsffc
946 1925 982 1987 est
995 1941 1036 1993 pe·

341 1993 449 2064 pcriffc,
470 1997 579 2064 quoniam
592 1943 692 2066 stistinet
710 2012 809 2069 pirenem
825 1996 951 2063 infantem.
973 1998 1036 2049 Nam

343 2069 398 2120 haec
414 2065 455 2120 sud
470 2070 555 2136 sponte
572 2067 640 2123 certa
657 2072 726 2141 signa
741 2089 791 2122 non
813 2070 923 2125 habent,
943 2070 966 2120 si
986 2087 1036 2121 nou

343 2155 428 2193 cetera
444 2159 542 2211 quoque
559 2146 644 2197 similia
664 2153 831 2195 concurrant:
850 2138 918 2209 quod
932 2140 955 2191 si
975 2160 1035 2194 con·

342 2216 483 2275 currerint,
501 2219 609 2269 nonnihil
626 2216 761 2285 hujusmodi
776 2215 843 2283 signe
858 2214 984 2283 adaugent
999 2217 1034 2268 su·
1067 2239 1068 2259 i

342 2290 484 2355 spicionem.
500 2291 563 2341 item
573 2292 686 2343 vitiosum
698 2289 747 2350 est,
764 2306 837 2357 quum
848 2288 889 2338 vel
903 2288 929 2339 in
940 2290 1032 2351 alium,

342 2363 384 2414 vel
399 2362 424 2412 in
438 2380 493 2413 eum
508 2366 602 2432 ipsum,
619 2365 660 2432 qui
675 2364 751 2424 dicit,
767 2363 810 2422 id,
826 2361 891 2429 quod
907 2362 933 2411 in
947 2362 1035 2414 adver·

342 2436 430 2488 sarium
445 2438 551 2498 dicitur,
571 2437 651 2505 potest
667 2436 817 2494 convenire,
835 2436 883 2485 hoc
899 2435 995 2488 modos

381 2506 468 2576 Miseri
480 2508 557 2577 sunt,
579 2511 619 2579 qui
633 2526 719 2560 uxores
737 2509 823 2557 lucum
834 2522 843 2556 :
856 2522 882 2556 at
900 2523 926 2558 tu
945 2506 1033 2571 duxisti

416 2582 526 2635 alteram.

343 2651 408 2706 Item
423 2656 536 2705 vitiosum
555 2654 588 2705 eil
606 2654 650 2712 id,
670 2651 736 2719 quod
754 2652 877 2719 vulgarem
892 2653 969 2719 habet
986 2653 1031 2706 de·

316 2763 319 2771 .
342 2727 498 2786 sensionem,
514 2730 564 2778 hoc
577 2726 651 2776 modo
665 2742 673 2776 t
687 2724 816 2775 Iracundia
831 2725 936 2777 induc'lus
946 2744 1032 2795 pecca·

343 2800 399 2859 vir,
425 2816 466 2850 aut
483 2796 665 2865 adolescentia,
690 2813 731 2847 aur
751 2815 837 2848 amore.
857 2798 1031 2866 Hujuscemodi

344 2874 409 2923 enim
426 2872 611 2940 deprecationes
626 2873 647 2921 si
661 2873 846 2937 probabuntur,
865 2872 963 2940 impune
980 2890 1031 2925 mu·

344 2946 407 2997 ximo
422 2960 522 3013 peccata
533 2946 678 2996 dilabentur.
693 2946 756 2996 Item
769 2945 878 2996 vitiosum
892 2947 942 3007 est,
957 2964 1031 3016 quum

343 3019 370 3071 id
390 3036 436 3088 pro
459 3032 529 3075 certo
549 3018 670 3099 sumitur,
699 3020 764 3089 quod
787 3020 852 3074 inter
870 3037 957 3076 omnes
982 3036 1031 3074 uon
