2400 4067
324 476 378 554 528
424 480 922 552 canonicorom

325 602 556 668 argumentatione3
570 600 643 667 idque
656 599 763 667 partibus
778 598 949 665 conjectura,
963 612 1025 669 quts

325 673 383 723 tntis
400 674 571 741 exposuimus,
591 672 822 739 sacereoportebit.

366 761 409 797 ιι.
427 746 467 797 Ab
482 744 647 816 argumentis,
666 745 693 798 δι
707 747 800 815 siguis,
822 746 848 797 bt
867 745 964 797 ceteris
982 745 1023 799 lu·

326 819 380 879 cis,
399 820 487 886 quibus
494 832 597 886 augetur
610 818 732 886 suspicio,
753 819 854 878 dicere,
871 818 924 869 hoc
936 819 1023 877 ¹modu

324 894 463 943 convenit:
479 891 562 956 Quum
578 892 653 942 mults
669 903 814 943 concurrant
830 905 979 958 argumenta
995 893 1022 945 ὅ(

321 965 411 1032 signa,
429 983 481 1030 quae
495 966 558 1015 inter
570 964 593 1016 se
606 965 775 1024 consentiant,
791 981 842 1014 rem
852 964 1022 1030 perspicuam,

323 1054 375 1088 uon
387 1037 536 1103 suspiciosam
546 1037 625 1089 videri
641 1051 758 1105 oportere
772 1053 780 1089 t
794 1038 852 1088 item
868 1035 926 1104 plus
944 1056 1024 1106 opor·

322 1121 378 1160 tere
395 1111 467 1177 signis
486 1112 675 1178 &argumentis
695 1112 780 1170 credi,
802 1113 873 1178 quam
892 1110 1022 1166 testibust

321 1183 376 1233 ltaec
392 1184 456 1233 enim
470 1200 502 1234 eo
518 1185 593 1233 modo
609 1185 714 1250 exponi,
732 1200 780 1250 quo
793 1199 821 1233 re
837 1184 897 1234 vert
910 1185 965 1236 sint
979 1202 1023 1255 gt·

322 1255 376 1314 θη
391 1255 464 1308 testes
477 1257 599 1324 corrumpi
609 1256 674 1322 posse
686 1258 727 1307 vel
744 1258 843 1322 pretio,
860 1258 904 1306 vol
918 1260 1024 1325 gratia,

322 1330 365 1379 vel
384 1341 471 1390 metu,
490 1332 533 1381 vel
552 1330 686 1382 simultate.
711 1329 805 1380 Contra
823 1344 973 1396 argumenta
994 1333 1021 1384 δι

322 1401 392 1471 signa
408 1403 435 1455 dc
451 1416 547 1455 ceteras
562 1403 707 1472 suspiciones
725 1403 831 1454 dicemus
849 1404 898 1454 hoc
917 1405 1020 1459 modos

322 1476 344 1527 si
363 1477 594 1534 demonstrabimus,
614 1479 703 1529 nullam
717 1492 769 1527 rem
786 1475 853 1533 esse,
874 1492 950 1544 quam
969 1494 1021 1530 nou

322 1548 494 1614 suspicionibus
522 1550 599 1618 quivis
625 1550 703 1616 possit
727 1548 845 1599 criminari
861 1565 871 1608 3
885 1562 886 1567 ’
900 1549 1021 1612 deiude,

322 1636 515 1690 unamquamque
530 1622 688 1689 suspicionem
704 1621 906 1681 extenuabimus,
927 1622 958 1674 ὅ(
976 1625 1023 1676 dr-

322 1696 401 1746 bimus
420 1711 540 1764 operam,
557 1707 585 1746 ut
605 1695 774 1754 ostendamus,
792 1691 868 1746 nihili
889 1696 972 1764 magis
993 1697 1021 1751 in

323 1785 369 1819 nos
389 1785 463 1828 eam,
483 1772 554 1835 qu'am
570 1767 596 1815 in
614 1767 686 1816 alium
703 1767 837 1833 quempiam
853 1770 995 1822 convenire
1010 1787 1023 1832 5

323 1841 447 1906 indignum
464 1837 511 1890 ell‘e
527 1839 640 1897 facinus,
661 1840 714 1889 sine
733 1839 830 1890 testibus
847 1840 1021 1907 conjefturam

323 1913 352 1965 δι
366 1912 523 1977 suspicionem
536 1910 679 1961 firmamenti
692 1911 748 1962 satis
763 1913 864 1962 habere.

360 1985 435 2037 Vlll.
450 1984 620 2034 dromonum
638 1983 763 2038 dicemus.
781 1985 802 2035 si
817 1984 964 2050 negabimus
980 2001 1022 2043 te.

323 2055 392 2108 mere
404 2056 491 2107 samam
506 2056 570 2106 nasci
587 2055 687 2114 solere,
705 2057 761 2122 quin
772 2056 845 2106 subsit
855 2055 950 2120 aliquid
963 2079 974 2119 ς
995 2063 1026 2117 ἃ,

322 2130 346 2180 si
356 2130 462 2180 dicemus
473 2129 566 2179 causam
574 2144 626 2178 non
635 2127 702 2179 fuisse
717 2162 724 2187 ,
743 2143 817 2196 quare
827 2125 946 2193 quispiam
958 2150 1022 2189 co..

323 2201 447 2270 lingeret,
466 2201 493 2252 δι
508 2201 746 2260 comminisceretur;
764 2202 920 2267 &preterea
937 2206 960 2255 si
978 2225 1021 2261 ce·

324 2277 373 2328 teri
384 2276 438 2327 salsi
453 2275 547 2327 soleant
561 2274 629 2334 esse,
649 2274 867 2342 argumentabimur
883 2273 953 2328 hunc
970 2279 1021 2335 eff·

323 2366 419 2402 verum.
437 2349 531 2401 Contra
545 2365 655 2400 rumores
671 2349 777 2398 dicemus
793 2343 911 2414 primiim,
933 2351 956 2401 si
971 2353 1021 2407 do·

324 2425 434 2476 cebimus
447 2424 537 2474 multos
554 2422 602 2473 esse
616 2422 688 2472 salsos
704 2438 833 2478 rumores,
853 2420 879 2471 &
895 2424 1021 2493 exemplis

325 2510 442 2554 utemur,
460 2496 490 2545 de
506 2495 593 2560 quibus
606 2494 662 2544 salsa
681 2494 742 2543 lama
757 2494 850 2551 suerit3
870 2493 897 2544 δι
912 2509 959 2547 aut
969 2498 1022 2552 ini·

326 2569 404 2619 micos
420 2566 531 2624 nostros,
550 2578 592 2615 aut
606 2565 715 2616 homines
733 2565 817 2617 naturd
833 2567 973 2622 malevolos
990 2573 1019 2627 dt

327 2640 461 2690 maledicos
474 2636 612 2689 confisixisse
623 2639 728 2690 dicemus
740 2656 749 2697 ;
765 2640 791 2690 dr
804 2651 845 2689 aut
864 2640 973 2707 aliquam
988 2643 1021 2697 fi·

329 2713 390 2763 llam
407 2712 511 2762 fabulam
526 2712 551 2761 iu
566 2710 714 2762 adversarios
728 2711 872 2771 afferemus,
886 2730 964 2780 quam
979 2718 1021 2771 di·

328 2802 409 2838 camus
425 2786 534 2837 omnibus
550 2786 574 2837 in
588 2801 632 2835 ore
647 2784 714 2843 esse3
733 2798 775 2835 aut
792 2803 875 2836 verum
890 2803 1020 2847 rumorem

327 2861 499 2927 proferemus,
517 2860 558 2925 qui
573 2858 619 2907 illis
636 2858 726 2924 aliquid
741 2857 895 2924 turpitudinis
912 2861 1025 2929 assem..

266 2951 269 2957 ·
327 2951 408 3000 neque
425 2947 507 2984 tamen
526 2932 660 2991 eirumori
678 2947 722 2982 nos
742 2929 814 2981 fidem
833 2932 925 2985 habere
946 2937 1025 2991 dieo·

326 3024 400 3069 mus,
416 3007 474 3063 ideo
491 3003 556 3076 qubd
566 3005 644 3075 quivis
654 3005 728 3059 homo
744 3004 822 3074 possit
836 3007 950 3074 quemvis
965 3022 1029 3081 ιη
