2400 4067
306 461 603 530 Rurronrcn
630 461 729 528 er.
756 463 811 531 II.
862 483 935 560 323

256 576 424 656 exemplum
448 576 611 657 supponere
635 595 697 636 non
723 578 942 658 gravaremur,

256 660 310 716 nisi
329 657 401 716 illud
418 657 608 732 videremus,
630 657 879 738 quemadmodum
892 681 942 722 res

257 737 384 798 obscurae
397 738 524 799 dicendo
537 737 641 798 fierent
655 740 832 821 apertiores,
843 742 883 800 sic
893 762 943 802 res

256 836 371 900 apertas
395 819 573 880 obscuriores
597 818 660 879 sieri
681 816 826 881 oratione.
852 819 943 883 Nunc

255 901 293 960 ad
312 900 527 961 deliberationis
544 920 690 983 pracepta
704 922 868 985 pergamus.

297 980 360 1040 Lll.
382 982 491 1042 Rerum
511 985 740 1064 expetendarum
761 986 814 1043 tria
832 1003 944 1065 genera

255 1061 329 1122 sunt.
350 1062 404 1122 Par
425 1080 523 1124 aurem
544 1085 679 1125 numerus
699 1065 881 1126 vitandarum
902 1084 942 1126 err

254 1146 397 1203 contraria
413 1162 505 1226 parte.
528 1144 605 1205 Nam
624 1144 665 1206 est
680 1146 838 1228 quiddam,
857 1146 943 1230 quod

253 1223 302 1284 fua
323 1227 355 1284 vi
376 1224 430 1285 'nos
451 1227 555 1287 alliciat
574 1228 611 1287 ad
630 1227 711 1301 sese,
736 1250 800 1289 non
819 1228 938 1289 emolu-

253 1322 355 1364 mento
373 1325 490 1387 captans
503 1308 600 1389 aliquo
613 1354 624 1382 ‚
640 1308 690 1368 sed
702 1309 816 1370 trahens
829 1309 877 1371 sud
894 1309 942 1367 di-

254 1389 364 1470 gnitate
378 1409 386 1457 ;
407 1389 488 1469 quod
504 1409 594 1471 genus
607 1393 716 1463 virtus,
732 1389 868 1463 scientia,
884 1410 943 1450 ve-

252 1471 320 1527 ritas
341 1465 393 1528 est.
413 1468 503 1528 Aliud
523 1487 619 1529 autem
638 1491 700 1530 non
717 1488 838 1554 propter
859 1473 942 1531 suant

253 1553 315 1611 vim
338 1549 371 1609 &
391 1566 543 1626 naturam,
573 1548 622 1610 sed
645 1568 767 1632 propter
790 1551 913 1613 finitum
928 1597 942 1626 ,

253 1647 341 1710 atque
356 1632 532 1705 utilitatem,
552 1631 733 1712 petendum3
752 1633 832 1715 quod
848 1653 943 1714 genus

253 1713 376 1792 pecunia
392 1709 443 1772 est.
464 1711 513 1771 Est
524 1715 616 1794 porri>
627 1712 765 1794 quiddam
784 1734 821 1773 err
833 1713 941 1773 horum

254 1792 383 1872 partibus
398 1790 552 1870 mudum,
573 1795 656 1874 quod
674 1794 706 1853 &
726 1792 774 1854 sud
792 1795 874 1855 vi&
892 1792 943 1853 di-

252 1874 363 1956 gnitate
391 1895 446 1933 nos
474 1874 607 1934 induslos
634 1876 735 1950 ducit,
763 1876 797 1935 ὃ(
823 1897 883 1957 pras
908 1874 946 1936 se'

252 1954 408 2037 quamdam
425 1957 498 2037 gerit
514 1956 689 2031 utilitatem,
706 1957 765 2037 qub
779 1961 871 2039 magis
887 1976 941 2017 ex·

251 2052 393 2116 petatur3
421 2054 453 2095 ut
478 2040 626 2112 amicitia,
651 2040 731 2098 bona
754 2036 942 2099 existimatio.

252 2116 354 2197 Atque
371 2136 407 2176 ex
421 2117 464 2174 his
479 2118 585 2177 lrorum
602 2120 745 2179 contraria
763 2117 872 2195 facile,
894 2136 943 2180 ta·

252 2199 383 2258 centibus
399 2197 482 2255 nobis
497 2243 506 2270 ‚
525 2200 733 2279 intelligentur.

298 2276 365 2358 158.
385 2275 443 2335 Sed
463 2292 495 2334 ut
513 2278 676 2355 expeditius
694 2279 768 2336 ratio
786 2279 917 2339 tradatur
927 2326 943 2354 ,.

254 2378 312 2430 ea,
331 2377 396 2438 quae
414 2354 581 2436 posuimus,
600 2358 687 2416 brevi
702 2358 944 2421 nominabuntur.

254 2437 332 2497 Nam
351 2440 380 2494 in
394 2439 488 2517 primo
507 2457 615 2519 genere
634 2460 700 2519 quae
713 2436 799 2511 sunt,
818 2437 943 2500 honesta«

253 2518 498 2598 appellabuntur:
519 2539 583 2599 quae
609 2537 707 2580 autem
731 2519 943 2596 insecundo,

253 2600 332 2659 utilia
347 2620 354 2657 ι
368 2599 429 2658 haec
443 2617 540 2660 autem
554 2605 659 2678 tertia,
678 2603 744 2682 quia
756 2617 869 2681 partem
883 2602 942 2661 ho·

253 2679 368 2741 nestatis
387 2684 562 2756 continent,
587 2684 620 2743 &
639 2685 705 2765 quia
722 2681 816 2761 major
834 2681 875 2743 est
893 2686 943 2743 vis·

252 2761 431 2836 honestatis,
451 2762 553 2840 junsiae
570 2786 616 2825 res
636 2767 813 2824 omninocx
830 2765 944 2844 duplici

253 2861 361 2921 genere
372 2844 565 2925 intelligentur
578 2846 691 2906 :sedin
706 2846 858 2905 meliorem
872 2866 943 2924 par-

253 2937 315 2980 tem
325 2923 461 2981 vocabuli
477 2925 662 2985 conserantur
676 2973 685 2999 ,
703 2923 868 2985 &honesta
882 2938 943 2983 no-

253 3004 408 3067 minentur.
427 3001 472 3065 Ex
488 3005 531 3066 his
549 3006 621 3066 illud
638 3005 817 3144 consiccijtur,
836 3021 868 3064 ut
883 3026 944 3086 aps

778 3104 814 3164 Vl
