2400 4067
235 437 285 509 60
348 439 819 505 Riiuronrconvnr

234 557 362 616 incident3
384 554 556 624 quadripartiti
573 554 692 604 divisione
707 565 806 604 utemur
822 571 830 605 τ
845 555 869 606 si
885 573 935 607 non

234 630 362 692 incident,
377 643 438 699 quot
452 642 541 689 erunt,
556 641 596 679 tot
610 644 759 694 exponemus
771 629 936 681 indicendo.

234 704 264 756 ln
283 703 465 756 confirmatione
485 704 512 755 δι
531 702 698 754 confutatione
717 713 818 752 utemur
841 704 936 762 locis,

235 794 298 845 quos
309 778 366 831 antd
376 778 540 836 ostendimus,
557 775 642 828 uostris
656 773 830 826 confirmandis
844 804 856 837 ,·
871 793 937 828 con.

233 853 316 904 trariis
325 852 488 904 confutandis.
500 850 722 920 Argumentationis
733 847 877 902 artificiosa
887 863 937 902 tta·

234 924 319 977 &andi
330 927 391 978 ratio
406 926 436 976 de
448 925 553 976 secundo
565 925 629 974 libro
640 935 750 991 petetur.

272 1001 307 1055 V.
324 1000 373 1051 Sed
389 1000 409 1050 si
425 999 561 1058 acciderit,
579 1010 606 1048 ut
617 999 642 1047 in
659 995 841 1049 consultatione
860 997 934 1051 alteri

235 1074 266 1123 ab
279 1086 332 1124 tuta
345 1072 459 1131 ratione,
477 1071 547 1122 alteri
561 1073 591 1121 ab
604 1070 721 1130 honesta,
739 1070 866 1122 sententia
882 1074 937 1132 sit,

236 1159 264 1196 ut
277 1147 302 1196 in
316 1146 491 1198 deliberatione
509 1162 613 1202 eorum.
634 1145 674 1212 qui
690 1161 706 1193 a
722 1143 806 1196 Poenis
821 1146 936 1197 circum·

235 1219 294 1269 sessi
304 1219 438 1270 deliberant
447 1219 504 1287 quid
514 1230 587 1288 agant
596 1235 606 1276 ς
620 1219 661 1286 qui
672 1229 749 1267 tutam
760 1219 892 1270 rationem·
899 1219 934 1271 se·

235 1291 279 1359 qui
291 1292 421 1351 suadebit,
434 1293 471 1344 his
482 1292 544 1342 locis
556 1304 643 1343 utetur
655 1307 663 1343 t
675 1293 765 1341 nullam
778 1309 836 1343 rem
848 1294 930 1344 utilio·

234 1382 287 1417 rem
306 1365 353 1417 else
376 1367 543 1417 incolumitate
565 1382 573 1417 ι
595 1365 724 1417 vittutibus
744 1365 781 1414 uti
804 1367 930 1420 neminen

235 1439 319 1506 polle,
339 1440 380 1508 qui
390 1440 442 1492 suas
452 1440 559 1492 rationes
568 1440 658 1492 intuto
671 1456 722 1490 non
731 1439 867 1491 collocarit
880 1457 888 1492 t
901 1457 932 1492 ne

235 1514 296 1565 deos
312 1515 408 1582 quidem
419 1513 466 1565 esse
482 1515 571 1566 auxilio
581 1514 631 1573 iis,
651 1514 691 1583 qui
708 1512 733 1562 se
743 1512 890 1566 inconsulto
906 1515 934 1566 in

234 1587 369 1653 periculum
383 1588 481 1639 mittant
497 1604 505 1639 t
523 1585 648 1638 honestum
665 1587 723 1636 nihil
734 1599 858 1653 oportere
870 1589 937 1640 exis-

234 1661 332 1720 timari,
351 1663 416 1730 quod
431 1678 480 1713 non
493 1661 592 1712 salutem
605 1660 693 1726 pariat.

272 1749 300 1799 9.
316 1734 368 1800 Qui
381 1748 442 1786 tutte
452 1735 489 1786 tei
504 1747 631 1802 praeponet
645 1734 764 1784 tationem
780 1734 936 1796 honestam,

232 1807 270 1858 his
288 1809 350 1858 locis
368 1819 452 1857 utetur
471 1823 479 1858 t
498 1808 615 1857 virtutem
633 1809 700 1857 nullo
717 1818 832 1873 tempore
854 1812 938 1863 telin·

234 1881 354 1946 quendam
366 1896 373 1930 t
385 1881 425 1930 vel
442 1879 571 1938 dolorem,
586 1880 607 1930 si
622 1880 642 1930 is
653 1881 786 1940 timeatnt;
804 1884 847 1933 vel
867 1901 933 1936 mot·

235 1964 305 2012 tem,
323 1954 343 2003 si
355 1969 384 2003 ea
394 1952 557 2012 formidetur,
577 1953 719 2014 dedecore,
739 1953 765 2004 ὅ(
776 1954 882 2008 infamis
898 1960 931 2008 le·

234 2026 328 2076 uiotem
342 2024 403 2077 esse:
413 2027 585 2086 considerare,
597 2044 650 2094 quae
662 2028 692 2077 sit
703 2026 831 2094 turpitudo
844 2019 936 2082 conse·

234 2113 329 2162 cutura.
349 2099 384 2150 At
400 2117 450 2150 non
466 2100 690 2159 immortalitatem,
711 2115 789 2166 neque
808 2116 930 2155 aeternam

233 2172 424 2223 incolumitatem
434 2171 567 2239 consequi':
579 2190 625 2222 nec
638 2172 683 2222 effe
694 2173 853 2238 exploratum
866 2178 929 2237 ,illo

231 2245 310 2296 vitato
325 2245 451 2312 periculo,
468 2248 559 2296 nullum
573 2246 599 2296 in
610 2246 674 2296 aliud
684 2246 820 2312 periculum
835 2264 934 2302 ventu.

232 2337 274 2379 ros
286 2336 293 2370 τ
306 2320 397 2371 virtute
416 2322 456 2371 vel
473 2317 538 2371 ultrei
555 2321 585 2370 ad
600 2332 703 2370 mortem
718 2317 858 2386 proficisci,
882 2324 932 2376 effe

233 2395 374 2459 preclarum
385 2410 392 2445 ε
406 2394 543 2445 fortitudini
552 2395 674 2444 fortunam
684 2409 780 2460 quoque
791 2395 840 2445 esse
853 2397 931 2465 adju·

233 2480 317 2517 mento
328 2469 406 2518 solere
418 2485 424 2518 :
438 2485 493 2518 eum
502 2469 555 2539 tute
564 2468 648 2517 vivere
659 2501 666 2525 ,
683 2467 723 2533 qui
733 2467 834 2518 honeste
844 2471 929 2532 vivat,

234 2557 285 2590 non
299 2540 340 2605 qui
355 2542 380 2589 in
395 2541 519 2605 presentia
535 2540 662 2589 incolumis
678 2541 727 2590 sit:
743 2541 769 2605 dt
784 2557 861 2601 enm,
884 2546 929 2612 qui

232 2613 335 2678 turpiter
350 2612 435 2672 vivat,
454 2613 598 2663 incolumem
614 2613 639 2662 in
653 2625 796 2680 perpetuum
809 2615 858 2667 else
874 2635 935 2671 non

232 2685 308 2751 polle.
327 2683 531 2736 conclusionibus
545 2685 597 2736 fere
609 2687 722 2737 sinilibus
732 2687 757 2736 in
767 2688 826 2747 his,
844 2690 871 2740 δι
888 2691 931 2759 ju.

232 2759 357 2809 dicialibus
368 2759 445 2809 causis
456 2759 491 2809 uti
501 2759 605 2809 solemus
617 2793 624 2818 ‚
642 2761 687 2809 nisi
702 2758 767 2827 quod
778 2761 802 2809 in
817 2763 856 2813 his
876 2782 934 2815 ma-

231 2828 295 2883 xime
313 2831 428 2882 conducit
445 2833 615 2900 quamplurima
630 2850 710 2883 rerum
727 2832 784 2884 nnt‘e
802 2835 933 2902 gestarum

233 2907 343 2972 exempla
358 2906 477 2973 proferre.

239 3033 243 3040 ,
269 2980 316 3035 vl.
326 2980 398 3031 Nunc
410 2980 440 3053 ad
450 2978 657 3035 demonstrativum
668 2996 745 3048 genus
757 2981 833 3035 ctusae
844 2996 934 3040 ttam-
