2400 4067
340 857 410 970 An⁴
430 899 696 970 Hananmun
720 898 759 967 L.
786 898 845 969 II.
892 905 946 990 ιμ’

260 1018 399 1086 intelligere
417 1013 519 1069 dilucide
539 1018 642 1085 poteris.
664 1018 726 1068 Haec
746 1017 853 1085 cognitio
871 1019 959 1068 vitio·-

261 1093 340 1141 sarum
358 1092 591 1160 argumentationum
606 1092 726 1157 duplicem
743 1091 872 1141 utilitatem
888 1091 947 1141 affe-

261 1178 300 1215 ret
314 1181 321 1217 :
335 1182 389 1214 nam
407 1166 433 1216 δι
447 1166 524 1215 vitare
539 1165 563 1214 in
580 1164 788 1231 argumentatione
805 1163 889 1213 vitium
905 1163 947 1213 ad·

260 1239 390 1296 monebit,
412 1237 438 1288 ἃ
457 1239 488 1287 ab
506 1238 558 1288 aliis
573 1231 623 1286 non
640 1238 742 1286 vitatum
761 1236 888 1286 commode
905 1252 949 1288 re·

259 1311 411 1377 prehendere
428 1311 537 1361 docebit.
557 1309 680 1374 Quoniam
694 1311 768 1378 igitur
783 1309 926 1360 ostendimus
936 1318 953 1370 ‚⁴

258 1384 391 1450 perfestarn
403 1385 428 1434 δι
444 1387 539 1449 plenam
552 1385 784 1450 argumentationem
797 1400 826 1432 ex
840 1382 950 1450 quinque

259 1459 367 1524 partibus
382 1457 490 1507 constare
501 1468 512 1516 ,·
530 1457 554 1506 in
571 1472 713 1525 unaquaque
730 1469 799 1522 parte
816 1473 947 1523 argumen-

258 1531 357 1581 tationis
378 1547 430 1596 quae
449 1531 507 1579 vitia
519 1530 620 1590 uitanda
642 1529 717 1589 sunt,
737 1529 917 1579 consideremus
935 1543 947 1580 t

257 1616 286 1653 ut
304 1604 391 1670 &ipsi
407 1605 437 1653 ab
455 1605 492 1652 his
509 1603 573 1654 vitiis
589 1603 708 1653 recedere
722 1630 732 1660 ‚-
754 1603 779 1654 dt
796 1603 949 1653 adversario·

258 1693 311 1726 rum
322 1677 543 1742 argumentationes
556 1677 601 1725 hac
617 1677 782 1742 praeceptione
797 1675 824 1725 in
835 1677 948 1745 omnilpus

259 1750 365 1814 partibus
385 1761 504 1807 tentare,
528 1749 554 1799 δι
572 1750 602 1797 ab
620 1749 698 1814 aliqua
715 1761 784 1813 parte
801 1748 957 1800 lab'efaiiare'

259 1823 389 1886 possimus.
406 1842 410 1851 ¹
833 1883 836 1889 ,
927 1850 929 1854 ·

261 1957 263 1960 Α
299 1906 344 1957 32.
358 1891 493 1958 ·Expositio
506 1891 592 1940 vitiosa
607 1890 662 1949 est,
678 1907 751 1957 quum
767 1892 797 1941 al>
812 1892 890 1958 aliqua
904 1905 948 1945 aut
998 1893 1006 1902 '

259 1983 273 2016 a
288 1962 461 2032 majoie'parte
477 1964 506 2015 ad
517 1980 600 2014 omnes
618 1963 745 2014 confertur
760 1964 804 2024 id,
821 1968 885 2032 quod
896 1983 949 2018 non

259 2036 393 2089 neceliarid
408 2037 441 2087 est
456 2039 567 2087 omnibus
580 2038 740 2096 attributum
755 2049 783 2088 ut
796 2038 817 2088 si
831 2040 883 2105 quis
898 2042 948 2090 hoc

258 2113 334 2162 modo
350 2122 456 2178 exponat
471 2127 480 2161 t
496 2111 584 2160 Omnes
605 2110 644 2176 qui
662 2111 686 2159 in
704 2117 845 2177 paupertate
860 2109 917 2180 sunt
935 2147 948 2170 ,

257 2186 349 2234 malunt
374 2184 493 2252 maleficio
512 2201 602 2250 parare
625 2183 743 2240 diuitias,
769 2184 836 2250 qucim
863 2183 948 2252 officio

254 2272 418 2327 paupertatem
437 2258 507 2306 tueri.
526 2257 552 2305 Si
571 2256 623 2322 quis
642 2257 690 2305 hoc
710 2257 784 2306 modo
804 2260 947 2325 exposuerit

257 2331 510 2399 argumentationem,
529 2343 557 2379 ut
569 2346 618 2379 non
636 2341 705 2380 curet
721 2347 830 2399 quaerere
842 2348 854 2388 ‚·
866 2334 949 2403 qualis

257 2406 322 2456 ratio
342 2416 383 2454 aut
404 2402 504 2460 rationis
526 2402 677 2453 confirmatio
700 2403 753 2461 sit¹
778 2404 850 2470 ipsam
871 2405 948 2458 facile

256 2478 462 2546 reprehendemus
477 2477 672 2543 expositionem,
687 2493 760 2542 quum
775 2477 944 2539 ostendemus,

255 2552 281 2602 id
300 2551 364 2618 quod
380 2551 405 2598 in
422 2551 504 2616 aliquo
520 2566 627 2615 paupere
642 2550 753 2616 improbo
773 2550 826 2608 sit,
845 2552 870 2601 in
887 2569 944 2602 om-
994 2546 999 2563 ’

256 2642 300 2674 nes
324 2639 442 2689 pauperes
461 2622 525 2673 falsi>
536 2623 566 2687 p&
585 2623 671 2687 injuria
690 2618 808 2672 confe‘rti'a
823 2625 886 2673 ltem
905 2625 946 2675 vi-

255 2697 316 2748 tiosa
330 2695 451 2760 expositio
464 2694 515 2751 est,
534 2711 606 2761 quum
621 2695 664 2751 id,
682 2696 746 2761 quod
759 2695 814 2744 rard
826 2696 872 2755 fit,
889 2697 945 2748 fieri

255 2769 356 2820 omnino
376 2779 497 2834 negatur,
516 2766 566 2815 hoc
585 2765 660 2813 modo
678 2781 686 2813 t
706 2767 783 2815 Nemo
800 2768 877 2832 potest
896 2784 946 2818 uno

255 2840 385 2910 adspec'iu,
401 2857 474 2905 neque
487 2837 642 2906 preteriens,
662 2837 686 2885 in
702 2855 801 2887 amorem
817 2839 945 2891 incidere:

254 2933 310 2967 nam
332 2930 404 2978 quum
424 2928 564 2962 nonnemo
584 2910 710 2960 devenerit
726 2913 751 2959 in
768 2928 872 2961 amorem
892 2931 947 2965 uno

253 2987 385 3054 adspedu,
403 2986 516 3050 &quum
533 2984 574 3034 ille
590 2984 709 3035 neminem
725 2985 811 3034 dixerit
826 2987 945 3047 omnino,

254 3063 314 3113 nihil
336 3057 414 3113 differt
436 3055 493 3106 rard
513 3058 537 3105 id
558 3055 634 3115 fieri,
662 3058 792 3108 dummodo
814 3059 943 3128 aliquando

253 3135 309 3187 fieri
323 3144 364 3182 aut
378 3130 443 3197 polle
459 3130 511 3181 fieri
528 3130 687 3199 intelligatur.

292 3206 364 3259 xxl.
379 3206 440 3256 Item
458 3204 543 3254 vitiosa
559 3206 684 3269 expositio
698 3204 749 3263 est,
768 3223 841 3270 quum
856 3225 941 3260 omnes

252 3298 294 3333 res
316 3279 458 3328 ostendimus
480 3295 524 3328 nos
546 3277 689 3346 collegiffe,
718 3279 743 3326 ὃ(
768 3281 869 3344 aliquam
889 3299 940 3331 rem

254 3356 368 3407 idoneam
387 3351 553 3417 praeterimus¹
577 3352 625 3400 hoc
645 3353 718 3399 modo
733 3367 739 3400 z
757 3351 874 3422 Quoniam
893 3355 940 3422 igi-

253 3443 295 3481 tur
310 3424 424 3481 homiuem
438 3421 538 3492 occisum
553 3425 644 3490 constat
662 3423 725 3492 effe,
746 3425 832 3494 necuffe
850 3425 882 3489 est
899 3441 940 3478 aaa
