2400 4067
329 686 383 760 70
442 663 958 732 arraonrconan

368 784 441 837 xlv.
458 782 543 832 Sermo
554 796 627 847 quum
640 779 676 831 eli
687 780 710 829 in
722 780 840 848 dignitate
854 812 863 837 ,
881 779 1027 846 plenis'saa'·

330 859 399 909 cibus
417 859 487 923 quim
504 854 649 905 sedatirsimi
666 854 693 903 δι
709 853 895 919 depressissimi
911 868 980 903 voce
994 854 1026 904 uti

332 931 484 981 conveniet:
497 928 530 977 ita
547 941 647 985 tamen,
662 938 731 976 utne
745 928 777 976 'ab
793 926 910 976 oratorie
929 926 1027 977 consue·

329 1005 415 1055 tudine
432 1003 462 1052 ad
474 1001 593 1068 'tragicam
611 1000 767 1050 transeamus.
789 998 879 1063 Quum
896 1008 985 1050 autem
998 998 1025 1051 ed

327 1078 357 1128 in
368 1074 586 1132 demonstratione,
602 1088 665 1124 voce
676 1074 800 1139 paululum
810 1073 964 1134 attenuati,
981 1090 1027 1125 cre·

331 1152 379 1200 bris
391 1148 542 1206 intervallis,
563 1148 590 1198 ἃ
606 1147 763 1197 divisionibus
780 1146 817 1196 uti
835 1147 993 1212 oportebit:
1003 1158 1025 1199 ut

330 1223 382 1289 ipsi
392 1221 588 1288 pronuntiatione
599 1237 640 1271 eas
650 1236 708 1278 res,
722 1236 780 1286 quas
792 1219 1025 1281 demonstrabimus,

330 1296 454 1353 inserere,
470 1306 542 1359 atque
556 1294 703 1358 intersecare
714 1294 839 1343 videamur
850 1293 878 1344 ln'
888 1294 981 1345 animis
991 1310 1026 1345 au·

331 1369 445 1419 dirorum.
465 1365 557 1429 Quum
566 1377 647 1417 autem
666 1367 743 1416 sermo
760 1368 784 1416 in
804 1366 955 1418 narratione
972 1367 1025 1426 eli,
1042 1356 1049 1485 Ἰ

332 1456 385 1493 tunt
403 1457 491 1491 vocum
510 1440 628 1489 verietate
647 1456 709 1505 opus
728 1439 779 1498 est,
801 1451 830 1490 ut
846 1456 901 1507 quo
925 1441 1023 1509 quidque

331 1516 402 1582 pusio
411 1514 501 1584 gestum
510 1513 555 1572 sit,
566 1513 600 1563 ita
609 1513 700 1563 narrari
711 1512 831 1563 videatur.
842 1514 960 1565 Strenue
969 1514 1023 1582 quoi

331 1592 443 1641 volumus
458 1587 584 1638 ostendere
599 1587 704 1644 sallum,
718 1586 882 1638 celeriulcule
899 1586 1022 1639 diceruust

331 1676 358 1713 at
368 1663 437 1713 ¹aliud
452 1661 551 1719 otiosi,
566 1661 749 1711 retardabimus.
765 1660 866 1710 Deinde
880 1660 1024 1713 meddam
1041 1660 1046 1717 ξ

331 1749 389 1793 ter,
404 1751 457 1787 tum
476 1737 611 1785 clementer
621 1768 631 1791 ,
651 1731 750 1791 moesti,
769 1733 882 1784 hilariter
900 1736 929 1785 in
948 1746 1023 1786 uma!
1042 1726 1046 1733 ¹

333 1822 416 1877 partes
436 1809 652 1867 commutabimus,
675 1818 703 1855 ut
716 1808 811 1863 verba,
828 1806 866 1855 ita
881 1808 1024 1874 'pronunr'm

331 1885 434 1934 tionem.
450 1884 476 1933 Si
490 1900 536 1946 qua
547 1881 677 1932 inciderint
689 1879 715 1928 in
730 1879 871 1930 narratione
887 1880 974 1942 disla,
989 1898 1022 1932 ro·

329 1970 409 2025 gata,
427 1954 556 2019 responsa,
573 1956 593 2004 si
611 1971 664 2020 quae
678 1952 871 2012 admirationes,
891 1954 926 2004 de
947 1954 1021 2022 qum

332 2047 378 2079 nos
396 2029 561 2084 narrabimus,
583 2026 714 2094 diligenter
731 2026 963 2079 animadvertemus
976 2062 986 2087 ,
1000 2040 1022 2079 ut

332 2102 440 2153 omnium
456 2099 613 2166 personarunt
634 2099 731 2155 sensus,
752 2113 824 2164 atque
845 2101 952 2154 munos
966 2116 1020 2152 m

334 2175 503 2242 exprimamus.

371 2264 386 2299 2
391 2263 416 2310 5.
436 2247 479 2298 Sin
490 2246 537 2298 erit
553 2245 631 2296 sermo
643 2246 667 2295 in
675 2243 819 2312 jocatione,
833 2244 1021 2299 leniturum·

332 2321 414 2372 bandi
427 2337 510 2376 voce,
527 2337 581 2369 cum
591 2336 666 2386 parra
684 2315 862 2385 significatione
882 2322 965 2381 risus,
978 2321 1021 2371 riae

331 2396 381 2446 ulla
390 2393 523 2462 suspicione
534 2394 612 2444 mimae
622 2389 811 2443 cachinnationis
820 2392 918 2444 leniter
928 2406 1021 2463 oporte·

332 2470 394 2519 bita
409 2469 518 2519 sermone
536 2469 598 2518 serio
611 2480 727 2532 torquere
747 2463 777 2512 ad
795 2463 930 2518 liberalem
950 2468 1022 2535 jorn

333 2560 432 2594 vocem.
449 2543 531 2608 Quum
548 2554 630 2592 autem
641 2537 791 2589 contendere
802 2542 938 2604 oportebit
949 2574 958 2601 ,
969 2556 1023 2610 quo·

227 2619 230 2625 '
334 2619 397 2669 niam
412 2618 436 2667 id
446 2628 488 2666 aut
498 2633 543 2682 per
554 2613 781 2670 continuationem,
800 2623 842 2661 aut
852 2626 903 2679 per
921 2615 1024 2669 distribu-

335 2692 427 2742 tionem
442 2689 576 2738 faciendum
589 2688 622 2737 est
634 2720 642 2744 ,
656 2685 682 2735 in
699 2685 909 2748 continuatione,
929 2688 1023 2741 adaudt

335 2763 492 2813 mediocriter
504 2761 562 2809 sono
573 2761 641 2810 nocis
653 2791 662 2816 ,
677 2759 758 2809 verbis
777 2759 976 2823 continuandis,
987 2778 1026 2814 w·

335 2853 389 2887 cem
401 2848 498 2902 quoque
513 2833 637 2901 adaugere
657 2832 799 2898 oportebit,
812 2832 978 2902 &torquere
995 2835 1026 2887 so·

333 2925 409 2966 oum,
427 2909 454 2959 dt
472 2907 587 2957 celeriter
596 2922 651 2956 curn
664 2907 770 2956 elamore
785 2906 861 2956 verba
884 2908 1026 2967 cundem,

333 2994 363 3035 ut
383 2982 432 3032 vim
453 2979 585 3031 volubilem
605 2979 722 3030 orationis
740 2978 890 3031 vociferatio
914 2981 1026 3050 eombpl

334 3056 422 3125 possit.
435 3055 463 3106 ln
474 3052 642 3104 disrrssrutione
655 3068 743 3104 vocem
760 3054 789 3103 ab
800 3052 854 3106 imis
863 3053 985 3108 saucibus
991 3072 1027 3107 ex·

334 3130 479 3182 clamatione
493 3130 563 3194 quam
580 3126 710 3177 clarissimi
727 3127 843 3177 adhibere
855 3142 988 3195 oportere
1006 3129 1028 3180 a

334 3216 449 3273 quantum
462 3200 529 3269 spatii
540 3217 585 3269 per
597 3201 702 3270 singulas
713 3200 907 3255 exclamationes
928 3202 1028 3274 sumpse·
