2400 4067
337 468 418 558 γη
523 462 833 532 OnAron

336 576 434 650 verb,
458 575 490 636 &
502 574 723 657 Hipponaiieos
742 571 877 658 effugere
895 575 948 634 vix
967 594 1024 655 por·

337 655 454 717 sumus:
479 677 614 740 magnam
637 658 714 716 enim
733 673 853 735 partem
880 675 920 716 ex
935 657 1023 715 iambis

339 735 437 806 nostra
454 736 564 798 constat
579 739 692 796 oratio:
708 735 760 796 sed
776 752 885 796 tamen
901 756 956 796 eos
969 756 1024 796 ver·

339 815 386 879 sus
402 816 484 879 facile
498 817 627 900 agnoscit
639 817 776 888 auditor;
796 815 864 876 sunt
882 819 963 876 enim
978 818 1024 876 usi·

338 900 480 958 rarissimi.
500 899 679 959 inculcamus
689 915 789 958 autem
798 918 855 979 per
866 896 1026 978 impruden·

339 982 410 1040 tiam
420 978 495 1060 saepe
508 981 596 1041 etiam
606 981 699 1039 minirs
708 980 855 1052 usitatos,
875 977 928 1038 sed
937 994 1024 1038 tamen

340 1058 439 1119 versus
458 1082 469 1133 3
490 1059 627 1121 vitiosum
644 1079 755 1142 genus,
781 1061 816 1120 &
835 1059 933 1142 longi
951 1059 1025 1120 animi

341 1142 511 1221 provisione
521 1139 701 1224 fugiendum.

388 1239 455 1298 190.
473 1220 526 1280 Ele
548 1224 569 1280 ‘t
579 1241 616 1282 ex
626 1220 722 1279 multis
734 1217 871 1278 Isocratis
886 1219 965 1280 libris
980 1221 1025 1280 tri·

342 1300 422 1383 ginta
443 1300 502 1361 fort
543 1299 676 1362 eversus
699 1301 934 1380 Hieronymus,
960 1303 1024 1382 peri·

341 1383 481 1461 pateticus
496 1384 526 1441 in
543 1384 641 1463 primis
659 1380 787 1453 nobilis,
812 1381 972 1464 pierosque
987 1380 1023 1442 se·
1059 1414 1063 1425 ·

342 1463 457 1533 uarios,
475 1461 525 1523 sed
540 1463 628 1523 etiarn
641 1458 804 1541 anapaesta3
821 1482 885 1542 quo
902 1462 970 1544 quid
981 1483 1026 1542 po·
1057 1434 1063 1495 ¹

341 1540 396 1602 test
414 1541 470 1604 effe
479 1542 612 1624 turpius?
632 1545 683 1602 etsi
697 1544 726 1602 in
737 1542 884 1624 eligendo
895 1543 965 1603 fecit
973 1564 1025 1603 rna·

340 1619 456 1685 litiose:
474 1622 777 1705 primienimsyllabir
796 1622 926 1704 dempti
940 1626 1025 1706 inpri-

342 1724 395 1765 mo
413 1705 508 1765 verbo
524 1704 674 1775 sententiae
685 1747 700 1778 „
734 1700 901 1772 ostremum
916 1705 952 1764 ad
967 1725 1025 1766 ver·

342 1783 414 1844 bum
432 1787 556 1866 primam
571 1783 664 1845 rursus
680 1725 824 1864 syilabam
844 1783 977 1866 adjunxit
989 1788 1026 1845 in·
1060 1840 1064 1863 ἱ

341 1862 495 1944 sequentis.
522 1865 565 1927 lta
580 1865 670 1926 fanus
687 1862 728 1924 est
744 1864 911 1947 anapaestus
929 1870 969 1942 is,
987 1867 1025 1948 qui
1060 1866 1064 1908 ¹

343 1941 573 2024 Aristophaneus
591 1947 777 2006 nominatur:
802 1949 891 2027 quod
909 1969 948 2010 ne
962 1950 1025 2006 acci·
1061 1950 1065 2021 ἶ

344 2021 412 2098 dat,
428 2024 573 2086 observari
585 2047 640 2086 nec
649 2024 763 2107 potest,
780 2048 838 2087 nec
855 2027 972 2090 neceffe
984 2025 1025 2089 est.

342 2101 404 2165 sed
417 2122 516 2165 tamen
533 2108 579 2166 hic
595 2107 756 2181 correiion
773 2109 802 2167 in
819 2128 862 2170 eo
877 2109 941 2190 ipso
954 2110 1024 2182 loco,
1062 2154 1066 2187 ,

343 2207 404 2267 quo
425 2187 611 2268 reprehendit
630 2186 682 2268 (ut
699 2210 715 2247 a
732 2208 781 2250 ine
801 2189 1024 2252 animadversum
1062 2196 1066 2241 i

344 2265 386 2328 est
396 2265 519 2328 studiose
537 2271 698 2350 inquirente
710 2272 738 2328 in
750 2268 834 2351 eum)
858 2276 967 2332 emittit
982 2274 1025 2331 im·
1062 2246 1067 2321 i

343 2349 472 2429 prudens
486 2349 546 2430 ipse
564 2350 723 2410 senarium·
742 2349 784 2410 Sit
803 2354 809 2364 '
833 2355 894 2412 itur
908 2355 966 2413 hoc
984 2374 1025 2412 co·
1064 2366 1067 2385 ¹

344 2432 477 2513 gnitum,
495 2434 524 2489 in
542 2429 639 2490 solutis
656 2433 743 2504 etiarn
757 2372 860 2504 veiiis
875 2433 966 2495 iness‘e
983 2455 1025 2494 nu·
1063 2436 1067 2507 ξ

344 2529 461 2583 meros,
474 2509 651 2593 eosdemque
661 2509 718 2571 effe
732 2516 901 2588 oratorios,
921 2517 970 2597 qui
982 2518 1024 2574 sint

344 2607 490 2671 poetici„

346 2687 350 2690 ·
386 2669 481 2730 LVII.
495 2671 629 2751 Sequitur
639 2690 722 2751 ergo,
739 2673 829 2752 utqui
841 2677 972 2735 maxime
985 2697 1025 2734 ca·

327 2795 330 2800 .
345 2748 450 2811 dantin
460 2754 624 2812 orationem
634 2757 865 2831 apramnumeri,
875 2757 1025 2817 videndun

346 2833 401 2891 sit:
422 2831 483 2892 sunt
493 2835 569 2893 enim
579 2835 626 2911 qui
644 2832 798 2891 iambicum
835 2853 944 2910 utem,
979 2836 1026 2895 u'od

346 2915 382 2972 sit
396 2915 519 2974 orationi
533 2913 712 2986 simillimus3
728 2934 786 2994 qua
804 2854 844 2974 rie
859 2918 948 2977 causa
960 2861 1027 2989 ieri,

346 2994 596 3077 utispotissimiun
606 3012 725 3079 propter
733 2992 1030 3062 similitudinemeri·
