2400 4067
326 510 404 582 280
454 514 526 580 ΒΕ
553 513 889 580 ΙΝνεΝτιοΝιῑ
946 509 950 516 ’

327 626 445 704 ceperit.
469 623 572 685 Postea
590 624 778 685 transsationis
798 621 924 703 partibus
943 623 1011 697 uti,

328 705 361 763 ὃ(
378 704 656 787 ostendereaquo,
676 706 884 785 &perquos,
905 704 1008 794 &quo

325 786 444 860 modo,
463 788 496 846 &
551 808 570 845 o
585 803 719 866 tempore
740 800 787 844 aut
805 786 870 865 agi,
891 799 942 843 aut
960 805 1009 864 Ju-

326 864 433 939 dicati,
449 884 497 926 aut
539 870 595 925 atui
612 867 650 927 de
666 887 700 927 ea
718 886 750 926 re
766 866 958 923 convenerit:
974 886 1006 923 ac

325 946 409 1004 simul
423 946 597 1021 ostendere,
617 968 678 1006 non
693 941 847 1027 oportuisse
861 944 928 1003 ante
944 943 1009 1025 sup-

347 1026 471 1100 licium,
501 1027 588 1109 qubm
620 1025 787 1107 judicium,
811 1028 1007 1103 interponere.

325 1046 405 1164 ¹sum
428 1107 456 1167 le
477 1129 508 1168 es
534 1128 651 1190 quoque
677 1107 709 1167 &
736 1103 841 1185 judicio
865 1103 1007 1164 demons-

325 1185 427 1246 tranda
457 1205 533 1261 unt,
556 1208 610 1267 per
627 1208 690 1268 quae
705 1186 832 1267 potuerit
850 1184 880 1243 id
898 1205 1006 1266 pecca·

325 1281 414 1340 tum,
439 1268 519 1349 quod
540 1268 645 1348 sponte
660 1266 708 1328 sut
726 1287 791 1327 reus
834 1268 928 1325 unitus
949 1268 1007 1340 sit,

326 1349 455 1407 moribus
474 1347 628 1427 &judicio
647 1347 794 1408 vindicari.
849 1346 936 1409 einde
955 1367 1007 1407 ne-

326 1447 395 1508 gare
414 1429 557 1503 debebit,
583 1429 671 1488 audiri
694 1445 833 1509 oportere
852 1426 906 1502 id,
929 1428 1007 1509 qnod

327 1510 357 1567 in
371 1528 437 1569 eum
451 1513 579 1570 criminis
588 1508 767 1582 conserano,
782 1508 818 1568 de
832 1528 890 1587 quo
903 1511 927 1568 is
940 1506 1009 1589 ipse,

328 1592 378 1668 qui
395 1590 553 1664 conferat,
573 1588 711 1671 judicium
730 1588 792 1649 fieri
809 1588 934 1649 noluerit
954 1589 1008 1649 :&

327 1670 378 1742 id,
399 1671 478 1753 quod
494 1670 653 1751 judicatum
672 1690 734 1730 non
746 1672 805 1744 sit,
825 1690 880 1749 pto
902 1668 1008 1732 infesto

328 1750 427 1812 haberi
442 1771 589 1833 oportere.

370 1831 419 1892 81.
446 1832 549 1893 Postea
580 1832 787 1912 impudentiam
816 1830 1012 1893 demonstrare

329 1933 433 1972 eorum
447 1958 457 1987 ,
474 1916 524 1994 qui
536 1934 604 1974 eum
618 1934 692 1972 nunc
707 1912 782 1993 apud
799 1910 907 1992 judices
927 1934 1012 1974 accu-

328 1992 410 2068 sent,
429 2015 517 2075 quem
532 1997 592 2054 sine
606 1991 746 2072 judicibus
762 1996 816 2073 ipsi
833 1993 1011 2055 condemna·

329 2079 409 2134 rint:
431 2076 463 2135 &
485 2074 521 2134 de
538 2095 575 2135 eo
591 2072 726 2154 judicium
747 2072 872 2148 saciant,
893 2075 930 2134 de
973 2096 1010 2134 uo

329 2152 390 2233 jam
415 2158 470 2236 ipsi
500 2154 668 2236 supplicium
698 2154 872 2234 sumpserint.
911 2096 1012 2215 Posce

330 2236 579 2315 perturbationem
602 2234 698 2313 judicii
714 2235 839 2294 futuram
859 2236 1013 2310 dicemus,

333 2319 366 2378 &
385 2315 495 2398 judices
512 2318 646 2399 longibs,
667 2316 752 2397 quim
772 2314 944 2395 potestatem
961 2318 1014 2376 ba·-

331 2400 439 2471 beant,
459 2397 676 2481 progressuros,
696 2398 718 2454 si
736 2397 819 2455 simul
839 2398 871 2456 &
890 2398 928 2458 de
941 2419 1016 2471 κο,

333 2481 419 2541 &de
437 2502 496 2553 eo,
516 2501 603 2560 quem
626 2499 689 2538 reus
716 2494 835 2558 arguat,
853 2474 1015 2556 judicarint.

331 2558 474 2635 Deinde,
497 2562 552 2619 hoc
572 2563 594 2617 si
611 2556 794 2618 constitutum
814 2561 873 2630 sit,
896 2576 927 2618 ut
944 2579 1013 2638 pee-

332 2658 395 2698 cata
409 2641 541 2700 homines
558 2642 702 2719 peccatis,
723 2638 755 2697 bc
774 2635 888 2718 injurias
908 2638 1015 2718 injuriis

331 2718 513 2793 ulciscantur,
526 2722 663 2801 quantitm
675 2719 930 2779 incommodorum
944 2741 1017 2779 con-

332 2798 472 2880 sequatur.
490 2800 536 2860 Ac
550 2802 573 2858 si
585 2799 664 2858 idem
676 2798 770 2858 facere
783 2799 841 2879 ipse
853 2846 867 2872 ,.
878 2804 932 2880 qui-
940 2822 1015 2861 nunc

333 2880 472 2952 accusat,
497 2878 653 2939 voluisset:
675 2899 711 2938 ne
733 2878 790 2938 hoc
812 2880 931 2960 quidem
953 2881 1016 2962 ipso

373 2961 380 2976 ⁸
443 2981 489 3019 am
505 2981 578 3041 opus
596 2957 687 3020 suisset
705 2956 810 3035 iudicio
826 2964 869 3019 :si
882 2963 956 3021 verb
973 2982 1022 3022 ce-

512 3062 528 3103 e
552 3041 632 3101 idem
648 3040 778 3116 saciant,
800 3044 921 3105 omnino
940 3039 1024 3124 ludi·

486 3143 536 3184 unt
550 3121 689 3185 futurum.
958 3204 962 3208 1
