2400 4067
332 504 408 555 που
452 468 532 556 ’ΠΕ
558 492 899 563 Inurrtrrorta

331 621 394 693 turn
418 618 496 662 ottus
520 604 552 663 &
570 607 665 667 obitus
687 607 838 670 definitum
864 609 1023 691 quemdam

331 680 466 743 ordinem
485 681 620 761 servant,
640 689 672 749 δι
692 711 794 749 annuae
815 693 1023 751 commutatio-

332 781 406 837 nes,
431 783 492 822 non
518 767 611 827 modo
639 770 763 849 quadam
787 790 823 831 ex
852 774 1022 832 necessitate

332 838 445 923 semper
471 846 578 906 eodem
605 849 696 909 modo
722 849 794 910 fiunt
818 871 827 922 ;
851 853 956 911 vetum
983 850 1020 909 ad

331 922 462 983 utilitates
483 947 599 1007 quoque
619 950 715 990 rerum
734 932 867 990 omnium
882 929 946 990 sunt
967 952 1018 990 ac-

332 1005 527 1066 commodata
543 1029 553 1079 ;
570 1009 602 1067 &
615 1009 738 1085 diurna,
754 1010 958 1092 noiiutnaeque
973 1014 1019 1070 vi·

331 1084 527 1161 cissitudines‚
546 1088 625 1148 nulla
641 1093 674 1149 in·
689 1112 719 1150 te
742 1112 880 1171 umquam
904 1107 1018 1150 mutatae

332 1164 487 1245 quidquam
504 1186 671 1228 nocuerunt.
688 1170 764 1249 Quae
781 1175 864 1253 signo
877 1169 940 1230 sunt
954 1192 1019 1231 otn-

330 1247 399 1318 nia‚
417 1267 478 1304 non
495 1248 635 1308 mediocri
651 1250 780 1330 quodam
795 1252 916 1312 consilio
935 1268 1017 1314 natu·

329 1346 393 1385 ram
412 1328 511 1386 mundi
531 1327 725 1394 administrari.
746 1331 860 1411 Quinto
881 1331 1017 1391 inducunt

331 1405 400 1467 loco
419 1408 656 1489 complexionem
672 1432 759 1485 eam,
779 1433 844 1493 quae
861 1429 908 1472 aut
926 1411 957 1470 id
973 1414 1016 1470 in-

332 1486 387 1548 fert
399 1486 491 1549 solum
505 1536 513 1563 ,
529 1491 609 1572 quod
627 1513 664 1553 ex
678 1493 810 1554 omnibus
826 1493 952 1573 partibus
966 1512 1018 1550 co·

332 1571 426 1649 gitur,
441 1570 498 1629 hot
514 1572 628 1631 modo:
645 1571 777 1633 Consilio
794 1576 803 1633 i
823 1576 876 1631 itur
892 1571 1017 1632 mundus

332 1648 538 1711 administratur
558 1674 565 1711 :
587 1669 635 1713 aut
653 1675 742 1713 unum
760 1656 790 1712 in
804 1594 911 1711 iocum
928 1672 1018 1732 quum

332 1731 502 1791 conduxerit
519 1732 645 1792 breviter
665 1735 894 1822 propositionem
911 1733 945 1790 δι
970 1753 1019 1790 as-

333 1812 551 1949 sumptionem,
572 1812 603 1870 id
626 1812 785 1893 adjungit,
808 1810 892 1891 quod
915 1830 952 1869 ex
977 1812 1020 1870 his

333 1911 390 1948 con
411 1892 524 1965 ciatur,
545 1890 586 1949 ad·
605 1890 680 1952 hunc
701 1890 823 1951 moduni
844 1911 856 1949 ι’
877 1888 972 1968 Quod
995 1893 1022 1953 si·

331 1969 435 2032 melius
452 1986 586 2052 geruntur
609 1990 665 2044 ea,
686 1992 750 2051 qua
772 1970 892 2029 consitio
920 1971 1019 2030 admi-

331 2048 481 2110 nistrantur
508 2071 516 2109 :
539 2049 609 2110 nihii
636 2067 735 2111 autem·
762 2052 894 2110 omniurn
919 2070 1023 2109 rerum

333 2131 435 2193 melius
455 2128 687 2207 administratur,
713 2129 800 2213 quim
819 2132 909 2190 omnis
929 2152 1020 2190 mun·-

253 2255 258 2264 -
332 2212 385 2272 dus
401 2234 409 2272 ε
426 2212 546 2272 consilio
561 2215 645 2295 igitur
660 2214 783 2273 mundus
801 2208 1020 2272 administratur.

333 2293 606 2375 Quinquepartitam
627 2296 709 2378 igitur
730 2294 787 2355 hoc
810 2291 894 2376 patio
917 2308 1020 2374 putant

336 2373 392 2436 effe
407 2376 696 2458 argumentationem.

377 2455 525 2517 XXXV.
546 2456 608 2535 Qui
622 2472 717 2516 autem
730 2454 897 2534 tripartitam
910 2449 966 2513 effe
981 2453 1022 2512 di·

335 2553 421 2610 cunt,
439 2539 459 2595 ii
476 2557 538 2597 non
549 2536 635 2595 -aliter
652 2551 751 2616 putant
768 2533 881 2594 traeiari
895 2550 1019 2615 oporte-

332 2638 366 2677 re
381 2619 678 2697 argumentationem,
698 2613 747 2673 sed
764 2616 948 2694 partitionem
963 2614 1021 2673 ho·

335 2718 399 2756 rum
418 2694 653 2774 reprehendunt:
672 2714 709 2754 ne
730 2710 779 2753 ant
794 2698 872 2754 enim
890 2714 982 2775 neque
1003 2717 1021 2753 a

336 2777 562 2859 propositione,
581 2794 676 2854 neque
700 2715 944 2857 air-affumptione
964 2796 1021 2854 ap*

336 2858 523 2940 probationes
539 2875 637 2915 earum
654 2854 775 2935 separari
789 2871 924 2937 oportere
938 2877 948 2928 3
965 2874 1021 2913 ne*

337 2960 393 3020 que
410 2938 642 3019 propositionem
661 2936 818 2998 absolutam
830 2955 952 3017 ‚neque
976 2957 1024 2993 as-

340 3021 534 3102 sumptionem
560 3018 613 3082 sibi
637 3018 794 3103 perfodiam
818 3017 911 3080 videri
930 3062 939 3092 ,
960 3037 1026 3099 quat

237 3247 499 3566 fx
587 3348 593 3360 .
