2400 4067
318 942 380 994 An
409 920 677 990 Hrnrnnwn
702 918 740 986 L.
768 921 836 989 IV.
886 931 940 1012 95

250 1059 308 1096 mur
323 1044 477 1094 continenter
495 1041 607 1091 similiter
623 1038 765 1089 cadentibus
779 1038 877 1096 verbis,
892 1040 940 1089 hoc

207 1108 219 1181 '‚
253 1119 331 1168 modo
342 1134 350 1168 ι
362 1115 473 1173 Flentes,
486 1115 611 1182 plorantes
622 1147 629 1172 ,
641 1112 814 1180 lacrymantes,
825 1110 942 1174 obtestan-

207 1188 216 1249 ζ
253 1207 302 1242 rer.
319 1191 370 1248 Et,
390 1190 410 1240 si
429 1190 560 1240 verborum
580 1185 777 1252 transjeciionem
797 1185 944 1245 vitabimus,

207 1254 216 1327 ζ
253 1266 303 1316 nisi
314 1281 366 1331 quae
377 1264 422 1313 erit
433 1263 552 1313 concinna
564 1279 574 1320 ;
591 1278 639 1328 qua
649 1260 679 1310 de
689 1277 716 1311 re
730 1257 848 1327 posteriris
859 1261 946 1324 loque·

207 1333 213 1399 f
254 1357 309 1391 mur
321 1353 330 1391 r
342 1355 389 1405 quo
400 1337 425 1387 in
436 1337 496 1387 vitio
508 1336 542 1386 est
551 1336 659 1386 Lucilius
669 1335 798 1394 assiduus„
810 1346 836 1383 ut
847 1333 896 1383 hoc
913 1330 947 1383 est

208 1410 213 1419 “
255 1413 282 1464 in
297 1413 378 1478 priore
395 1412 458 1462 libro
472 1409 544 1461 :Har
553 1428 590 1460 res
600 1411 661 1459 edre
667 1404 790 1477 scriptas,
805 1407 885 1465 Luci,
902 1406 948 1456 mi·

208 1535 212 1545 ,
256 1487 347 1542 rimus,
364 1483 430 1535 AEli.
447 1485 511 1535 Item
522 1485 608 1551 fugere
627 1495 726 1550 oportet
743 1484 839 1550 longam
853 1483 948 1532 verbo·

208 1558 211 1627 j
255 1577 312 1611 rum
328 1558 554 1616 continuationem,
569 1575 621 1624 quae
639 1558 665 1609 δι
681 1557 798 1607 auditoris
817 1571 905 1614 aures,
921 1555 947 1607 ὃ(

208 1632 210 1693 ζ
256 1633 364 1684 oratoris
383 1633 488 1698 spiritum
501 1632 575 1682 laedit.
593 1631 637 1682 His
649 1630 717 1683 vitiis
730 1632 754 1681 in
770 1629 947 1697 compositione

256 1707 360 1764 vitatis,
381 1706 500 1773 reiiquum
515 1707 595 1772 operis
614 1706 801 1757 consumendum
819 1704 853 1755 est
869 1704 894 1753 in
911 1703 951 1752 di·

261 1791 368 1849 gnitate.

302 1850 498 1918 x111.1>ignitas
510 1849 562 1908 est,
578 1867 632 1916 quae
646 1849 727 1901 reddit
738 1862 849 1900 ornatam
859 1849 951 1900 oratio·

262 1941 340 1984 nem,
357 1924 475 1975 verietate
492 1922 646 1991 distinguens.
664 1923 725 1974 Haec
744 1923 768 1973 in
777 1925 907 1974 verborum
926 1924 952 1976 &

262 1997 438 2049 sententiarum
459 1998 644 2049 exornationem
664 1997 788 2048 dividitur.
812 1997 953 2049 Verborum

264 2071 397 2124 exornatio
408 2071 460 2129 est,
478 2089 532 2138 quae
549 2071 624 2137 ipsius
637 2070 751 2122 sermonis
770 2071 882 2140 insigniti
894 2087 954 2122 con·

264 2146 359 2197 rinetur
370 2145 543 2212 perpolitione.
556 2146 736 2197 Sententiarum
756 2146 884 2196 exornatio
902 2144 955 2205 est,

264 2238 320 2287 quae
337 2220 423 2269 nonin
441 2219 540 2278 verbis,
559 2220 600 2269 sed
619 2220 644 2268 in
661 2220 720 2285 ipsis
736 2221 809 2271 rebus
831 2219 956 2287 quamdam

265 2295 343 2343 haber
356 2292 504 2360 dignitatem.
526 2293 652 2359 Repetitio
670 2292 722 2353 est,
739 2311 811 2362 quum
825 2295 957 2345 continen-

266 2380 307 2417 ter
325 2368 355 2415 ab
376 2383 426 2415 uno
443 2378 516 2433 atque
535 2368 624 2417 eodem
641 2369 719 2417 verbo
737 2369 761 2418 in
780 2369 852 2419 rebus
872 2369 958 2419 simili·

267 2443 313 2490 bus
334 2440 361 2490 δι
377 2439 476 2490 divertis
498 2440 616 2508 principia
637 2440 778 2501 sumuntur,
796 2443 844 2492 hoc
865 2442 958 2502 modo;

270 2512 348 2567 Vobis
366 2511 426 2574 istud
438 2512 611 2563 attribuendum
625 2514 678 2575 est,
694 2515 760 2564 vobit
775 2516 855 2584 gracia
871 2516 961 2566 taber·

269 2589 302 2635 da
316 2620 323 2644 ,
337 2586 404 2634 robis
419 2604 456 2635 rer
471 2586 515 2648 ista
529 2588 575 2636 eric
590 2588 685 2637 honori.
702 2589 782 2648 item,
800 2589 884 2655 Scipio
904 2591 961 2640 Nu·

271 2658 385 2707 mantiam
394 2654 507 2723 sustulit,
519 2659 603 2724 Scipio
614 2661 776 2727 Canhaginem
787 2661 876 2711 delevit
886 2697 895 2718 ,
906 2662 962 2713 Sci·

269 2732 314 2799 pio
324 2747 405 2796 pacem
413 2729 523 2795 peperit,
535 2729 618 2795 Scipio
628 2729 749 2779 civitatem
755 2729 871 2797 J'ervauir.
883 2735 961 2792 Item,

208 2795 210 2800 ¹
276 2804 312 2854 Tn
333 2804 357 2850 in
372 2800 451 2866 finum
466 2800 582 2866 prodire,
599 2816 625 2849 ru
640 2800 714 2848 lucem
734 2799 867 2868 conspicere
881 2838 888 2856 ,
902 2820 927 2852 ru
938 2807 964 2856 in

274 2880 355 2926 iorum
373 2871 516 2941 conspefiurn
534 2873 614 2922 uenire
638 2873 755 2925 conaris?
778 2876 849 2925 audes
871 2876 965 2928 verbum

269 2949 378 3017 facere?
397 2950 468 2996 audes
486 2945 609 3012 quidquam
634 2944 665 2993 ab
689 2946 739 3007 istis
761 2949 868 3017 perere?
894 2954 964 3003 audes

209 3024 210 3044 ³
275 3022 414 3091 suppliciunt
435 3021 556 3087 deprecari
566 3020 580 3068 ‚⁷
605 3019 673 3090 Quid
687 3020 737 3080 est,
757 3025 820 3088 quod
831 3026 908 3091 possis
926 3030 965 3077 de.

208 3090 213 3121 ²
271 3096 394 3163 ferdere?
413 3095 469 3161 quid
486 3094 518 3155 eJl
531 3127 538 3152 ,
555 3096 617 3160 quod
640 3097 726 3143 audeas
745 3098 889 3163 postulare?
910 3103 967 3168 quid

208 3165 212 3193 ³
277 3172 310 3234 est
320 3206 326 3229 ,
342 3171 403 3237 quod
417 3169 462 3218 eibi
475 3184 543 3236 putes
560 3168 658 3216 concedi
678 3172 807 3236 oportere?
818 3173 877 3222 Non
890 3174 966 3241 jusju-

209 3295 211 3299 ,
277 3247 375 3295 randum
388 3243 502 3310 reliquisti
510 3242 524 3291 ?
539 3259 587 3291 non
602 3241 689 3292 amicos
697 3246 846 3310 prodidisti?
864 3268 910 3297 non
919 3269 966 3316 pa-

209 3333 213 3389 Ἰ
277 3319 340 3368 rcnri
352 3335 431 3365 manus
443 3317 542 3378 intulisti
552 3316 565 3365 ?
577 3335 625 3365 non
637 3317 735 3384 denique
744 3320 768 3369 in
780 3321 843 3369 omni
853 3324 965 3373 dedecore

212 3404 215 3409 '
279 3392 401 3440 volutatur
417 3407 440 3438 es
451 3391 464 3439 2
477 3391 537 3439 Haec
552 3392 695 3448 exornatio,
716 3410 787 3457 quum
805 3397 905 3444 muitum
919 3414 966 3445 ve—

276 3465 377 3518 nustatis
393 3465 484 3524 habet,
506 3477 556 3515 turn
576 3466 744 3535 gravitatis&
765 3471 901 3521 acrimoniae
913 3473 963 3535 plu·
