2400 4067
388 472 690 545 OnAron
800 496 881 571 φρ

190 583 314 649 virtutes
323 586 472 671 sequetur:
487 592 680 666 brevitatem,
690 592 714 652 si
727 611 772 654 res
782 612 881 675 petet:

191 664 269 747 saepe
287 673 376 730 etiam
390 692 454 733 rem
475 673 602 735 dicendo
620 671 750 755 subjiciet
769 676 881 736 oculis:

190 746 268 829 saepe
286 749 316 810 su
339 752 370 811 ri
381 752 474 827 feret,
487 754 573 834 quim
589 753 652 816 fieri
662 756 775 838 possit:
794 757 818 815 si
839 758 884 815 ni·

190 825 290 895 ficatio
315 852 378 913 aepe
391 836 445 894 en't
458 833 570 915 major,
580 835 667 917 quim
677 838 771 895 oratio
784 856 792 894 τ
806 776 884 916 (ἐρα

191 907 328 987 hilaritas,
338 912 738 998 &pe-vitmnaturarumque
748 918 884 977 imitatio.

194 1054 196 1056 ,
235 988 316 1053 XLI.
336 994 406 1055 Hoc
427 998 457 1056 in
476 1016 607 1078 genere,
637 1018 707 1057 nam
729 1001 810 1079 quasi
830 997 884 1056 sil-

193 1091 265 1130 vam
287 1073 394 1148 vides,
414 1080 510 1138 omnis
531 1078 644 1139 eluceat
671 1095 791 1160 oportet
818 1079 884 1139 elo·

194 1156 320 1232 quentia
340 1159 522 1239 magnitudo.
556 1157 616 1220 Sed
636 1158 723 1231 haec,
746 1160 800 1217 nisi
820 1158 885 1218 col·

194 1232 319 1310 locata,
346 1237 379 1297 &
405 1241 486 1320 quasi
503 1237 629 1313 strutta,
657 1240 689 1301 &
714 1259 790 1299 nexa
814 1258 884 1300 ver-

194 1313 261 1388 bis,
285 1316 414 1392 adeam
439 1319 578 1395 laudem,
606 1341 694 1401 quam
722 1321 883 1394 volumus,

194 1392 339 1476 adspirare
353 1419 413 1459 non
430 1398 553 1480 poffunt.
579 1399 629 1461 De
640 1421 699 1480 quo
708 1421 796 1480 quum
814 1401 884 1461 mihi

192 1475 337 1560 deinceps
346 1480 480 1542 viderem
494 1479 551 1541 effe
562 1481 737 1553 dicendum,
753 1482 807 1539 etsi
819 1499 887 1540 mo·-

195 1557 306 1620 vebant
323 1557 383 1637 jam
404 1581 453 1621 me
475 1562 552 1633 illa,
578 1582 642 1641 quae
662 1562 811 1634 dixeram,
837 1579 885 1622 ta-

195 1643 329 1715 meniis,
345 1662 408 1722 quae
423 1641 599 1722 sequuntur,
616 1642 805 1722 perturbabar
818 1658 884 1701 ma*
979 1675 981 1681 s

194 1721 250 1817 gis.
277 1720 461 1784 Occurrebat
472 1724 566 1795 enim,
585 1720 667 1804 poffe
685 1726 804 1803 reperiri
821 1744 884 1787 non

195 1801 314 1866 mvidos
326 1801 439 1877 solum,
457 1804 559 1884 quibus
570 1802 675 1865 referta
689 1801 752 1862 sunt
765 1806 884 1879 omnia,

196 1880 249 1944 sed
268 1882 397 1946 fautores
415 1887 655 1951 etiammearum
674 1884 812 1960 laudum,
833 1888 884 1967 qui

196 1984 260 2024 non
277 1964 426 2027 censerent
441 1964 503 2046 ejus
514 1968 570 2027 viri
583 1964 659 2039 eise,
673 1967 710 2027 de
727 1964 808 2047 cujus
819 1987 883 2028 me·

196 2046 258 2107 ritis
270 2063 350 2107 tanta
365 2046 477 2111 senatus
487 2045 592 2125 judicia
601 2045 728 2120 fecisset,
745 2068 886 2127 compro·

192 2125 287 2187 barne
301 2128 414 2207 populo
432 2126 590 2199 Romano,
608 2143 714 2207 quanta
730 2126 767 2185 de
783 2127 885 2200 nullo,

198 2206 237 2268 de
254 2205 375 2266 artificio
393 2205 507 2271 dicendi
519 2208 618 2265 litteris
629 2224 688 2265 tam
702 2206 886 2267 multaman-

198 2286 280 2348 dare.
311 2286 427 2365 Quibus
444 2288 467 2346 si
480 2287 550 2345 nihil
566 2286 643 2349 aliud
659 2283 885 2365 responderem,

198 2371 272 2441 nisi,
286 2388 334 2429 me
346 2366 391 2427 M.
402 2365 493 2428 Bruto
506 2386 613 2449 negare
623 2369 738 2448 roganti
747 2365 885 2443 noluiffe,

199 2446 272 2531 justa
285 2446 356 2509 effet
373 2445 537 2522 excusatio,
551 2469 642 2530 quum
661 2449 693 2511 &
711 2449 888 2509 amicissimo
948 2507 949 2510 ,

200 2532 234 2593 &
248 2528 479 2611 praestantissimo
489 2531 575 2603 vito,
591 2530 623 2590 &
636 2528 713 2590 recia
722 2528 756 2591 ἃ
766 2528 888 2594 honesta

199 2614 333 2697 petenti,
347 2609 508 2677 satisfacere
522 2609 685 2674 voluissem.

143 2739 150 2747 .
182 2728 185 2731 <
246 2713 312 2768 ¹4¹·
327 2692 386 2754 Sed
397 2696 420 2752 si
431 2692 568 2774 profitear
585 2692 681 2775 (quod
695 2693 805 2753 utinam
815 2714 889 2773 pos·

201 2776 307 2846 semi)
327 2795 376 2833 me
390 2772 522 2837 studiosis
542 2775 656 2834 dicendi
671 2794 761 2854 praece
785 2792 833 2845 ta,
853 2775 887 2833 &

202 2855 284 2935 quasi
300 2856 381 2926 vias,
401 2875 465 2934 quae
483 2854 520 2912 ad
541 2855 738 2934 eloquentiam
758 2796 888 2925 ddtrent,

202 2933 395 3005 traditurum3
417 2936 480 3013 quis
499 2934 619 2993 tandem
638 2934 668 2992 id
686 2931 771 3009 justus
790 2946 888 2992 rerum

203 3013 359 3083 estimaret
375 3013 627 3100 reprehenderet?
649 3013 727 3077 Nam
743 3014 805 3097 quis
820 3032 891 3076 utn-
