2400 4067
185 440 192 458 ⁶
252 365 325 435 208
377 368 449 435 Da
475 368 819 439 turris-urtone

165 514 167 519 ·
250 480 320 539 clum
342 504 416 543 nunc
437 483 518 544 illum
539 486 698 564 patiamur,
721 502 819 562 quum
841 478 938 564 praestt
982 490 984 498 ’

249 560 296 622 lex
307 565 358 637 sit,
371 586 431 624 non
445 585 549 637 exeo,
563 563 642 645 quod
656 563 844 644 apertissime
857 562 937 643 scrip-

248 642 448 719 tumest,sed
463 667 499 705 ex
517 641 743 724 eo‚qu0dsuae
758 641 935 703 causaecon·

249 725 358 798 venit,
379 725 519 807 scriptoris
541 724 722 784 voluntatem
743 725 934 805 interpretari

250 802 343 881 Quod
361 809 475 880 sivos,
494 806 631 879 ludices,
649 803 760 886 legibus
777 804 935 944 obtempt-

249 903 311 943 rare
335 885 467 959 debetis,
489 886 571 947 &id
593 885 687 944 facere
709 904 774 944 non
821 901 873 946 ote
897 888 935 958 ἐ,

249 964 303 1023 nisi
321 967 399 1046 quod
420 966 552 1046 scriptum
571 965 612 1026 est
628 969 657 1024 in
680 965 771 1046 lege,
793 906 937 1047 liquami-

204 1120 206 1123 .
248 1045 300 1115 ni,
316 1047 384 1125 quid
399 1045 485 1106 causae
501 1046 561 1118 est,
579 1048 647 1127 quin
664 1043 749 1104 istum
769 1063 879 1106 contra
895 1046 937 1107 le·

250 1143 317 1205 gem
331 1125 426 1187 fecisse
437 1125 587 1207 judicetis?

292 1225 342 1282 71.
363 1205 570 1289 Affumptionis
599 1202 706 1268 autem'
723 1207 938 1289 approbatione

250 1288 414 1367 praeterita,
433 1290 633 1372 quadripartita
648 1292 686 1347 sic
706 1286 760 1348 liet
856 1308 937 1350 men·

250 1370 321 1427 tatio
340 1389 347 1426 t
367 1369 429 1450 Qui
444 1368 639 1453 saepenumero
653 1390 708 1427 nos
743 1388 776 1428 er
790 1368 814 1428 fi
838 1390 888 1430 em
900 1368 939 1429 le-

252 1445 386 1510 fellerunt
409 1496 419 1526 ,
440 1472 542 1512 eorum
564 1450 688 1510 orationi
713 1391 813 1509 idem
835 1449 939 1511 habere

253 1549 315 1589 non
333 1531 482 1592 debemus.
502 1530 615 1612 Siquid
632 1532 710 1590 enim
726 1528 857 1610 pertidia
875 1531 941 1590 illo-

248 1631 318 1669 rum
338 1611 500 1672 detrimenti
515 1613 730 1692 acceperimus,
748 1630 846 1671 nemo
868 1614 942 1683 erit,

254 1707 357 1769 praeter
376 1690 587 1772 nosmetipsos,
610 1711 698 1771 quem
719 1688 786 1770 jure
811 1691 943 1752 accusare

255 1774 406 1849 possimus.
420 1771 466 1832 Ac
479 1773 573 1853 primo
588 1772 705 1852 quidem
719 1770 816 1852 decipi
829 1774 942 1832 incom-

256 1852 380 1911 modum
391 1851 432 1913 est
447 1874 454 1911 :
471 1855 592 1925 iterum,
606 1851 720 1912 stultum
739 1873 745 1909 :
760 1854 874 1927 tertio,
887 1870 943 1921 tut·

257 1951 304 2011 pe.
313 1931 557 2017 Carthaginienses
570 1951 666 1994 autem
675 1930 802 2014 persaepe
814 1929 878 2007 iam
891 1952 944 1992 nos

257 2011 429 2075 fefellerunt.
453 2014 572 2075 Summa
596 2018 679 2097 igitur
702 2016 830 2072 amentia
854 2011 898 2078 est
915 2016 943 2073 in

259 2113 361 2154 eorum
380 2095 437 2156 fide
458 2095 538 2177 spem
555 2096 684 2168 habere,
704 2113 832 2174 quorum
853 2092 945 2175 perfi-

260 2174 306 2236 dis
320 2179 407 2237 toties
421 2177 555 2258 deceptus
571 2179 616 2235 sis.

248 2296 252 2302 ·
300 2276 350 2332 72.
372 2258 502 2338 Utrique
534 2255 741 2337 approbatione
769 2256 946 2334 praeteriti,
978 2281 981 2288 ·

260 2338 464 2418 tripartitam,
482 2336 644 2417 hocpaclo
668 2356 675 2394 ε
701 2333 760 2392 Aut
780 2351 944 2396 metuamus

260 2415 506 2499 Carthaginienses
524 2433 660 2496 oportet,
678 2418 700 2473 si
712 2415 877 2476 incolumes
894 2437 946 2476 eos

260 2498 456 2578 reliquerimus
473 2518 481 2568 3
501 2514 662 2557 aureorum
675 2495 776 2556 urbem
790 2495 946 2556 diruamus.

261 2574 309 2635 Ac
330 2586 457 2637 metuere
476 2577 593 2657 quidem
616 2597 676 2635 non
699 2592 827 2658 oportet.
847 2576 948 2637 Restat

262 2659 366 2740 igitur,
381 2676 413 2717 ut
429 2658 530 2717 urbem
548 2657 701 2718 diruamus.

250 2792 253 2799 ,
305 2737 373 2798 XL.
395 2739 465 2799 Sunt
486 2755 581 2798 autem
605 2740 653 2819 qui
675 2740 776 2819 'putant
793 2739 949 2799 nonnum*

264 2840 350 2899 quam
367 2819 445 2902 polle
465 2820 668 2901 complexione
689 2821 721 2879 ὃ(
739 2837 879 2899 oportere
905 2818 949 2877 su-

257 2901 426 2983 persederi,
446 2922 533 2983 quum
550 2900 580 2962 id
597 2899 777 2985 perspicuum
794 2902 831 2965 sit
842 2945 856 2974 „
871 2900 955 2981 quod
