2400 4067
344 688 396 775 ez
460 670 931 770 canonicorum

342 820 510 872 ‘edmonuimus
529 819 576 870 effe
594 820 675 870 causas
694 822 852 888 complures,
875 823 982 887 quibus·

343 912 384 948 res
405 895 588 945 constitutiones
611 906 653 945 aut
672 905 753 960 partes
774 894 978 946 constitutionum

343 969 567 1020 commodaremus.
814 1026 817 1041 ,

381 1043 415 1093 11.
432 1043 562 1108 Reliquum
571 1040 700 1091 videbatur
715 1039 781 1102 ess'e,
797 1053 825 1092 ut
836 1039 982 1094 ostenderet

343 1133 398 1184 quae
419 1115 483 1165 ratio
509 1113 587 1180 poffet
613 1114 767 1166 inventiones
787 1116 818 1164 ad
843 1129 982 1184 unamquan

342 1187 541 1239 constitutionem
559 1200 602 1238 aut
621 1202 715 1255 partem
735 1187 915 1239 constitutionis
941 1208 982 1242 acc

341 1262 442 1313 molare
461 1277 469 1310 t
488 1261 514 1311 δι
531 1261 589 1311 item
611 1264 694 1328 quales
713 1263 963 1332 argumentationes,

343 1333 428 1385 Graeci
448 1332 617 1399 semtipsum
636 1338 778 1402 appellant,
797 1336 883 1403 sequi,
907 1337 936 1388 δι
957 1357 982 1406 qr

318 1459 320 1462 ,
342 1409 414 1458 vitari
436 1425 588 1475 oporteret:
608 1426 710 1476 quorum
730 1421 859 1478 utrumque
877 1411 982 1475 pertine

342 1479 552 1533 confirmationem
570 1484 596 1535 δι
609 1481 811 1534 confutationem.
831 1483 936 1535 Deinde
945 1487 982 1536 ed

341 1567 447 1606 tremum
458 1557 615 1616 docebimus,
630 1556 764 1625 cujusmodi
774 1558 980 1609 conclusionibus

340 1629 437 1680 tionum
451 1633 488 1683 uti
503 1644 620 1699 oporteat
634 1647 642 1684 τ
657 1633 698 1700 qui
712 1632 782 1683 locus
795 1644 850 1682 erat
864 1643 982 1683 extremu

342 1703 385 1754 fex
401 1705 512 1769 partibus
527 1705 654 1757 orationis.
672 1703 777 1756 Primum
796 1719 857 1773 ergo
876 1722 982 1771 quaeren

341 1778 544 1843 quemadmodum
565 1795 684 1846 quemque
707 1778 801 1829 causam
822 1778 921 1828 tradhari
944 1797 982 1830 co:

340 1851 403 1900 nint.
424 1852 457 1902 Et
473 1853 584 1904 nimirum
605 1850 815 1918 conjeiluralem,
837 1869 890 1918 quae
911 1853 982 1920 prima

341 1922 482 1978 difficillime
497 1925 549 1983 est,
565 1922 716 1991 potissimbm
731 1924 926 1975 consideremus.

380 2009 407 2060 3.
426 1998 456 2047 In
473 1998 543 2047 causa
559 1997 739 2063 coniedlurali,
760 1997 866 2047 narratio
883 1999 982 2049 accusat

339 2068 486 2135 suspiciones
502 2070 641 2137 interjedias
659 2069 685 2122 δι
702 2069 815 2136 dispersas
829 2070 923 2121 habere
942 2073 982 2123 del

340 2153 370 2192 ut
385 2143 444 2192 nihil
460 2135 557 2204 adium,
576 2143 636 2193 nihil
654 2143 759 2202 didium,
778 2159 794 2192 n
812 2142 892 2208 sqtum
911 2158 982 2196 venti

339 2225 384 2265 eut
398 2216 507 2276 abitum,
529 2214 588 2266 nihil
606 2216 711 2282 denique
725 2160 812 2266 facturi
828 2214 880 2264 sine
898 2219 975 2267 causa

339 2298 416 2340 tetur.
437 2289 581 2340 Defensoris
595 2290 701 2340 narratio
712 2288 844 2353 simplicem
857 2285 883 2337 8<
900 2287 983 2341 diluci

338 2361 520 2429 expositionem
538 2364 613 2413 debet
622 2364 712 2412 habere
722 2394 731 2420 ‚
742 2377 797 2412 cum
807 2360 982 2414 attenuatione

339 2434 462 2501 spicionis.
475 2435 558 2504 Hujus
575 2435 752 2488 constitutionis
769 2433 832 2484 ratio
850 2432 875 2481 in
892 2431 937 2485 sex
952 2453 982 2502 pu

339 2509 375 2561 est
390 2511 534 2571 distributa;
553 2511 699 2580 probabile,
718 2507 895 2565 collationem,
916 2508 982 2576 sign,

339 2599 525 2653 argumentum,
535 2585 749 2644 consecutionem,
759 2579 974 2650 approbationem.

339 2675 394 2709 rum
413 2660 594 2726 unumquidque
611 2658 668 2724 quid
684 2658 786 2714 voleat,
802 2653 950 2721 aperiemus.
966 2655 982 2708 -l

339 2731 421 2781 babile
441 2731 493 2790 est,
520 2744 564 2796 per
586 2730 653 2796 quod
678 2730 815 2796 probatur,
844 2727 968 2794 expedisse

339 2818 465 2868 peccare,
487 2805 514 2853 δι
529 2821 546 2853 a
562 2802 633 2852 simili
648 2800 799 2868 turpitudine
818 2800 944 2851 hominem
962 2820 982 2854 u

340 2885 412 2940 quem
428 2875 536 2927 abfuiffe.
553 2876 581 2925 ld
593 2873 707 2925 dividitur
721 2872 746 2924 in
760 2873 854 2924 causum
867 2872 894 2925 δι
904 2873 934 2926 in
946 2875 982 2929 uir

338 2947 421 2998 Causa
436 2948 471 3000 est
488 2965 536 3009 ea,
556 2966 610 3016 quae
627 2946 721 2998 induxit
735 2946 766 3002 ad
780 2944 982 3009 maleficiusme

337 3023 468 3074 modorum
486 3023 545 3091 spe,
566 3035 609 3074 aut
623 3021 832 3073 incommodorum
848 3019 980 3091 vitatione¹

339 3115 416 3166 quum
433 3099 565 3223 canitur,
583 3111 642 3148 num
657 3095 724 3164 qnod
738 3093 893 3147 commodum
908 3097 982 3153 mel«

340 3172 439 3240 appetie
483 3206 491 3232 ,
507 3189 566 3222 num
580 3171 716 3230 honorem,
735 3185 793 3220 num
808 3168 982 3236 pientissimi

335 3245 549 3310 dominationem,
564 3262 622 3298 niun
634 3244 737 3314 aliquem
750 3242 910 3313 cupiditatem
921 3260 982 3307 ‚m

882 3338 982 3537 'i

849 3700 911 3765 h
