2400 4067
229 459 527 528 Rusronrcn
554 461 655 528 Lrs.
682 466 738 533 II.
790 467 863 560 263

171 576 340 658 intelligere
353 577 439 636 aliam
453 597 570 657 quoque
585 578 715 639 incidere
729 579 869 642 constitu·

168 662 291 718 tionem
307 661 336 717 in
354 659 428 718 hanc
443 657 578 730 causam,
598 679 664 720 eam
683 681 737 720 nos
753 680 866 742 partem

151 809 153 812 v
173 738 268 799 solam
282 735 419 798 sumimus
435 783 446 813 ,
471 740 501 798 in
519 760 607 821 quam
620 758 766 822 praecepta
780 743 866 803 nobis

175 820 275 880 danda
289 819 364 880 sunt.
380 815 528 880 Omnibus
546 837 644 882 autem
660 823 789 903 partibus
807 825 865 886 hoc

168 899 205 960 in
218 901 293 962 libro
311 900 484 982 explicatis,
505 900 598 982 quivis
617 902 698 962 omni
714 904 744 962 in
763 903 864 980 causa,

166 985 198 1041 si
214 983 366 1064 diligenter
379 981 530 1054 attendet,
550 1003 655 1044 omnes
667 982 779 1046 videbit
793 1007 866 1046 con·

173 1060 362 1135 stitutiones,
383 1064 415 1123 ἃ
433 1083 531 1123 earum
549 1082 666 1144 partes,
690 1065 722 1126 ὅ(
738 1083 863 1127 contro·-

172 1146 304 1218 vernas,
323 1146 346 1203 si
359 1166 423 1227 quae
435 1143 511 1205 forte
523 1145 553 1204 in
566 1166 614 1206 eas
627 1145 766 1206 incident.
781 1146 859 1207 Nam

174 1225 212 1285 de
224 1225 359 1285 omnibus
370 1223 590 1306 perscribemus.
603 1225 713 1288 Primus
727 1248 799 1311 ergo
811 1251 861 1288 ac-

171 1306 311 1367 cusatoris
331 1306 413 1367 locus
433 1304 497 1380 est,
522 1305 585 1386 ejus
605 1310 755 1383 nominis,
778 1307 860 1389 cujus

172 1387 212 1447 de
226 1391 257 1447 vi
270 1390 426 1468 queritur,
445 1387 565 1460 brevis,
583 1389 616 1447 &
630 1406 751 1470 aperta,
773 1391 806 1451 δι
822 1411 859 1452 ex

170 1468 327 1528 hominum
344 1469 484 1548 opinione
497 1462 652 1542 definitio,
672 1469 730 1529 hoc
743 1471 856 1532 modo:

171 1547 360 1628 Maiestatem
371 1551 517 1622 minuere,
534 1547 575 1608 est
588 1548 624 1608 de
637 1548 795 1631 dignitate,
809 1565 858 1613 aut

168 1630 379 1712 amplitudine,
392 1646 442 1689 aut
454 1627 597 1710 potestate
610 1631 730 1711 populi,
742 1648 791 1690 aut
803 1652 858 1693 eo·

169 1733 258 1786 tum,
280 1712 384 1794 quibus
409 1710 534 1792 populus
554 1709 730 1792 potestatem
752 1708 857 1788 dedit,

167 1793 278 1875 aliquid
291 1793 444 1876 derogare.
461 1793 529 1851 Hoc
543 1794 582 1850 sic
594 1792 723 1853 breviter
738 1796 857 1874 exposi-

167 1891 251 1948 tum,
270 1874 397 1956 pluribus
407 1873 504 1933 verbis
517 1871 558 1933 est
570 1873 772 1934 &rationibus
784 1896 856 1936 con·

164 1951 365 2031 firmandum,
389 1956 421 2014 &
440 1956 480 2015 ita
498 1954 578 2027 esse,
600 1972 632 2013 ut
650 1950 853 2034 descripseris,

166 2034 391 2099 ostendendum.
407 2033 510 2097 Postea
522 2034 560 2092 ad
571 2033 623 2104 id,
641 2033 855 2129 quodedefinie·

166 2119 204 2177 ris
218 2164 227 2194 ,
243 2118 351 2179 fadium
364 2114 450 2194 ejus,
472 2116 521 2196 qui
532 2113 729 2187 accusabunt,
748 2115 853 2196 adjun-

166 2219 237 2281 gere
253 2198 422 2281 oponebit3
443 2195 475 2253 &
489 2214 525 2254 ex
542 2215 602 2266 eo,
621 2195 702 2274 quod
717 2193 853 2259 ostende·

164 2283 204 2338 ris
216 2279 288 2353 esse,
302 2278 386 2340 verbi
398 2273 500 2347 causi,
512 2271 692 2361 majestatem
702 2277 851 2354 minuere,

159 2361 293 2431 docere,
307 2354 499 2417 adversarium
509 2351 687 2430 majestatem
700 2356 827 2417 minuisse
840 2378 851 2430 ;

168 2442 202 2499 &
216 2441 292 2498 hunc
306 2440 405 2498 locum
418 2451 514 2495 totum
531 2436 680 2492 communi
695 2433 763 2493 loco
780 2456 852 2497 con·

164 2517 304 2592 firmare,
327 2539 381 2600 pet
399 2536 487 2598 quem
502 2515 590 2594 ipsius
608 2513 673 2573 fatti
691 2519 849 2592 atrocitas,

162 2618 215 2661 aut
231 2601 404 2683 indignitas,
423 2614 470 2657 aut
485 2597 607 2656 omnino
620 2597 702 2677 culpa
719 2616 785 2657 cum
804 2601 850 2659 in·

162 2681 334 2764 dignatione
350 2695 496 2763 augeatur.

209 2781 255 2840 54.
275 2761 343 2823 Post
362 2765 414 2822 erit
431 2755 600 2820 infirmanda
620 2754 848 2821 adversariorum

164 2841 330 2923 descriptio.
350 2839 391 2900 Ea
406 2859 502 2900 autem
514 2836 724 2911 infirmabitur,
743 2842 765 2898 si
780 2839 847 2901 salsa

164 2921 416 2983 demonstrabitur.
439 2921 507 2981 Hoc
529 2941 565 2979 ex
586 2922 726 2999 opinione
746 2920 847 2979 homi·

161 3025 235 3069 uum
246 3002 390 3078 sumetur,
406 3023 514 3086 quum,
529 2999 795 3082 quemadmodum,
813 3002 846 3063 &
