2400 4067
185 3139 297 3312 *t

300 993 307 1012 ⁸
335 936 498 1015 deliquerit.
515 932 636 992 Deinde
650 933 724 991 hanc
738 930 876 992 inducere
886 935 1018 1071 partitio·

337 498 409 593 308
460 498 537 564 Dr
563 494 897 564 [murrone

331 608 475 693 judicibus
491 607 683 691 persuadere,
697 605 814 668 affinem
830 606 888 669 esse
901 606 1017 688 alicujus

334 694 426 773 culpae
442 713 528 764 eum,
546 692 595 771 qui
607 687 805 749 accusaretur:
823 688 939 749 causam
975 712 1019 750 ro·

334 773 411 834 serre
422 820 432 845 ,
445 795 508 854 quae
520 792 587 832 eum
598 771 636 829 ad
647 769 831 851 peccandum·
845 712 1016 851 impulidet:

334 876 410 913 nunc
433 853 523 934 ipsum
544 872 626 911 reum
650 849 762 910 causam
783 848 911 924 afferre,
933 871 1017 933 quate

335 1036 424 1087 nem,
442 1013 521 1093 cujus
537 1017 565 1072 in
582 1013 706 1095 singulas
722 1028 817 1093 partes
833 1033 884 1072 mu
897 1029 935 1073 tae
951 1035 1018 1072 con·

334 1098 456 1156 venient
467 1098 742 1177 argumentationes.
759 1091 889 1152 Primbm
902 1093 979 1153 nulla
991 1095 1018 1154 in

335 1177 402 1257 lege
421 1177 508 1235 ullam
526 1174 637 1233 causam
656 1192 757 1234 contra
774 1172 913 1254 scriptum
930 1176 1017 1255 accipi

337 1258 526 1316 convenire:
553 1255 659 1315 deinde
685 1258 708 1313 si
731 1256 760 1312 in
784 1257 890 1315 ceteris
910 1254 1021 1338 legibus

337 1340 517 1407 conveniat,
538 1336 613 1395 hanc
636 1333 691 1396 esse
713 1331 882 1413 hujusmodi
901 1336 1017 1418 legem,

337 1435 368 1477 nt
379 1421 408 1477 in
424 1439 458 1478 ea
474 1438 536 1477 non
552 1433 689 1499 oporteat
703 1436 712 1473 τ
725 1413 876 1496 postremb
889 1418 914 1475 si
927 1420 957 1476 in
971 1417 1020 1476 bac

325 1520 454 1580 ¹quoque
467 1500 536 1594 'lege
553 1514 711 1578 oporteat,
727 1498 802 1555 hanc
820 1497 940 1578 quidem
954 1518 1018 1558 cau·

336 1580 395 1640 sam
414 1583 505 1661 accipi
522 1579 640 1637 minime
656 1594 805 1658 oportere.

380 1660 481 1719 XLV.
505 1658 598 1719 Prima
614 1680 678 1738 pars
693 1658 737 1717 his
752 1657 813 1718 fere
830 1658 904 1719 locis
919 1657 1023 1719 confir-

339 1743 480 1814 mabitur,
491 1739 624 1820 scriptori
635 1759 730 1819 neque
741 1741 770 1798 in
792 1741 890 1798 enium
901 1784 911 1813 ‚
928 1761 966 1801 ne
1004 1759 1021 1801 e

339 1820 460 1903 operam
471 1868 480 1894 ‚
491 1841 587 1901 neque
603 1820 690 1879 ullam
704 1759 872 1879 facustatem
885 1819 963 1882 defui
986 1841 1019 1895 e,

339 1906 494 1985 quominus
518 1898 612 1982 posset
637 1900 734 1979 aperte
762 1900 940 1981 perscribere
963 1901 993 1961 id
1010 1947 1025 1974 ,

361 1983 420 2042 uod
436 1984 577 2066 cogitaret
595 2001 603 2039 ε
622 2002 682 2040 non
699 1978 778 2041 fuisse
796 1983 824 2041 ei
841 2003 953 2067 grave,
968 2003 1020 2042 nec

339 2006 475 2139 difficile,
492 2085 557 2123 eam
570 2062 682 2125 causam
699 2067 854 2144 excipere„
871 2085 958 2144 quam
975 2064 1023 2123 ad·

339 2145 454 2205 versarii
471 2144 642 2226 proferant,
659 2148 682 2203 si
699 2145 856 2225 quidquam
874 2148 1021 2226 excipien-

340 2227 410 2286 dum
428 2224 572 2307 putasset:
592 2222 767 2285 consuevisse
788 2246 862 2297 eos,
879 2228 930 2308 qui
945 2225 1022 2309 leges

338 2307 481 2381 scribant,
499 2308 719 2387 exceptionibus
736 2309 786 2365 uti.

384 2408 448 2469 131·
464 2387 583 2447 Deinde
595 2404 715 2467 oportet
729 2389 850 2447 recitare
863 2386 944 2468 leges
958 2408 1022 2446 cum

338 2470 559 2551 exceptionibus
571 2467 706 2548 scriptas,
722 2469 753 2527 &
767 2468 890 2526 maxime
900 2467 1026 2541 videre,

339 2552 363 2608 si
379 2571 434 2630 qua
457 2552 485 2606 in
501 2569 534 2606 ea
552 2548 611 2628 ipsa
629 2549 694 2629 lege
706 2595 718 2619 ‚
734 2571 791 2630 qua
806 2548 842 2607 de
859 2549 973 2629 agitur,
989 2550 1024 2607 sit

339 2632 473 2709 exceptio
491 2630 587 2709 aliquo
604 2632 633 2687 in
651 2632 767 2708 capite,
783 2645 831 2688 aut
846 2628 925 2709 apud
940 2648 1027 2688 eum·

339 2709 407 2769 dem
421 2710 491 2790 legis
502 2708 671 2789 scriptorem
684 2754 692 2782 ‚
705 2712 763 2790 qub
775 2711 863 2790 magis
876 2729 946 2769 eum
957 2730 1025 2789 pro·

338 2790 423 2849 betur
438 2789 516 2850 suiss'e
533 2806 742 2869 excepturum,
759 2794 781 2850 si
794 2788 863 2870 quid
875 2793 1025 2872 excipien-

339 2870 409 2929 dum
425 2889 539 2951 putaret
558 2892 564 2929 :
581 2871 613 2928 &
630 2868 801 2943 ostendere,
817 2869 930 2930 causam
947 2872 1025 2930 acci-

340 2971 411 3042 pere
428 2952 497 3011 nihil
518 2950 593 3010 aliud
612 2952 688 3024 eise,
709 2954 762 3010 nisi
779 2953 876 3031 legem
895 2953 1026 3012 tollere:

338 3030 408 3102 ¹ideo
424 3032 523 3117 quod,
541 3053 631 3116 quum
649 3032 736 3095 semel
755 3030 836 3094 causa
854 3033 1027 3096 considere
