2400 4067
248 473 327 571 '362
397 469 778 540 Pnarzriom

291 589 341 667 63.
363 584 496 648 Adionis
523 603 621 646 autem
643 584 703 644 duo
724 582 790 644 sunt
815 588 932 667 genera.

249 667 373 740 Unum,
390 667 428 728 ad
440 664 671 750 persequendum
679 664 807 749 aliquid,
822 683 873 727 aut
885 666 936 728 de·

250 749 437 810 elinanduma
459 766 510 823 ut,
524 749 629 830 quibus
637 746 723 808 rebus
737 745 858 829 adipisci
872 748 935 830 glo·

248 834 320 892 n'am
337 831 453 912 possis,
467 845 517 892 aut
528 829 683 912 quomodo
691 829 804 890 invidia
813 829 933 889 vitetur.

145 971 150 975 ,
249 912 406 987 Alterum,
425 911 507 992 quod
525 911 563 972 ad
582 910 701 992 aliquod
717 910 934 984 commodum,

249 990 397 1074 iilumque
403 991 527 1053 refertur
539 1013 546 1052 :
567 1010 617 1066 ut,
631 991 887 1073 quemadmodum
900 993 934 1052 sit

248 1073 411 1155 respublica
425 1072 669 1148 administranda,
694 1088 764 1145 aut,
788 1072 936 1154 quemad·

249 1154 418 1216 modumin
432 1173 605 1234 paupertate
617 1153 792 1216 vivendum.

289 1234 340 1309 64.
347 1231 453 1294 Rursus
466 1251 565 1296 autem
576 1255 613 1296 ex
627 1235 805 1317 cognitionis
821 1233 935 1294 consul·

249 1317 381 1389 tatione,
391 1315 462 1390 ubi,
477 1317 513 1376 sit
522 1360 532 1392 ,
541 1337 635 1377 necne
647 1319 700 1390 sit,
712 1333 762 1376 aut
770 1313 879 1390 fuerit,
892 1315 935 1376 fu·

244 1413 386 1458 aurumve
408 1398 464 1473 sit,
489 1399 646 1480 quaritur,
665 1417 757 1458 unum
801 1415 875 1458 enus
895 1394 934 1458 esl

249 1476 441 1560 quaestionis,
466 1481 598 1559 possitne
618 1478 727 1562 aliquid
749 1496 765 1538 e
800 1478 856 1538 ci:
884 1494 933 1554 ut,

249 1580 341 1641 quum
401 1559 519 1635 aeritur,
546 1559 712 1643 ecquisnam
735 1557 869 1641 perfecte
891 1558 935 1620 sa·

249 1643 345 1722 piens*
392 1660 409 1700 e
427 1643 520 1722 possit
536 1661 550 1701 z.
568 1642 715 1715 alterum,
735 1639 935 1721 quemadmo-

250 1721 321 1799 dum
339 1720 468 1802 quidque
485 1720 555 1782 fiat:
575 1739 609 1782 ut
624 1743 754 1805 quonam
771 1721 862 1802 paslo
877 1725 936 1784 vir·

249 1819 297 1861 tus
318 1804 465 1884 pariatur,
491 1802 653 1879 natunlne,
678 1823 715 1863 an
735 1804 874 1876 ratione,
899 1824 934 1864 an

250 1881 311 1942 ιιίιι.
336 1880 429 1942 Cu'us
442 1887 556 1964 generis
562 1883 626 1944 sunt
636 1902 758 1956 omnes,
770 1884 804 1943 in
813 1884 934 1965 quihus,

248 1979 282 2023 ut
291 1963 321 2022 in
332 1904 460 2023 obscuris
469 1964 700 2047 naturalibusque
712 1963 935 2045 quaestionibus,

249 2043 340 2104 causae
353 2043 534 2127 rationesque
544 2066 640 2106 rerum
651 2047 845 2128 explicantur.

292 2123 376 2186 XIX.
402 2124 481 2186 lllius
504 2142 602 2187 autem
630 2128 771 2210 generis,
799 2131 831 2187 in
855 2149 933 2211 quo,

249 2207 321 2288 quid
337 2208 372 2267 sit
385 2208 435 2283 id,
452 2207 489 2269 de
503 2229 563 2290 quo
574 2210 684 2290 agitur,
701 2210 860 2290 quaeritur,
877 2209 933 2270 duo

250 2290 315 2348 sunt
332 2309 442 2370 genera
457 2308 467 2362 ;
487 2311 613 2372 quorum
628 2292 658 2349 in
674 2289 766 2349 altero
785 2288 935 2372 disputan·

250 2367 322 2429 dum
332 2368 391 2444 est,
409 2369 507 2445 aliud,
524 2393 561 2431 an
570 2371 651 2431 idem
662 2371 716 2444 sit,
733 2386 765 2429 ut
775 2374 934 2451 pertinacia

252 2450 286 2509 &
298 2449 531 2531 perseverantia:
553 2454 583 2512 in
595 2451 688 2511 altero
699 2467 799 2511 autem
809 2450 934 2536 descrip-

250 2530 294 2589 tio
312 2534 426 2612 generis
447 2530 587 2612 alicujus,
610 2532 643 2591 ὃ(
660 2533 742 2614 quasi
757 2532 861 2616 imago
881 2555 933 2596 ex·

250 2611 404 2688 ptimenda
416 2609 476 2685 est,
496 2629 548 2686 ut,
569 2612 661 2694 qualis
677 2614 713 2672 sit
736 2632 864 2692 avarus,
885 2632 933 2678 aut

249 2690 320 2772 quid
335 2693 371 2750 sit
385 2689 527 2773 superbia.
782 2754 792 2763 .

292 2769 342 2831 66.
359 2770 465 2834 Tertio
487 2790 584 2834 autem
605 2775 637 2834 in
673 2791 787 2848 encre,
808 2777 839 2837 in
855 2800 932 2861 quo,

249 2854 336 2993 quale
350 2854 406 2927 sit,
424 2857 575 2936 quaeritur,
589 2872 639 2915 aut
651 2794 688 2916 de
698 2854 871 2934 honestate,
885 2877 933 2920 aut

272 2955 289 2994 e
300 2934 439 3010 utilitate,
456 2953 505 2996 aut
517 2936 555 2997 de
565 2939 700 3018 aequitate
712 2936 872 3000 dicendum
882 2941 932 3002 est.

185 3013 189 3020 '
249 3012 301 3076 De
314 3014 465 3080 honestate
475 3018 535 3080 sic:
553 3034 585 3079 ιιι
591 3060 603 3096 ,
615 3015 820 3084 Honestumne
831 3025 869 3083 sit
876 3044 931 3106 pro
