2400 4067
700 630 822 682 AD
879 608 1411 682 HERENNIUM
1464 608 1543 680 L.
1595 610 1659 679 I.
1781 628 1879 699 19

505 732 753 784 ducibus
735 752 786 783 m
821 733 1224 789 collocutionem3
1266 732 1337 781 ita
1365 728 1612 798 discessit,
1651 744 1703 777 ut
1731 727 1879 794 impe-

507 807 718 857 dimenta
760 807 1078 875 relinqueret,
1126 805 1381 855 exercitum
1421 805 1679 853 educeret·
1660 836 1679 859 ‚
1726 798 1882 868 satius

505 878 597 946 effe
630 880 764 929 duxit
793 882 1005 930 amittere
1040 880 1409 946 impedimenta,
1443 876 1577 943 qua'm
1610 874 1882 924 exercitum.

507 954 784 1004 Exercitum
815 955 1020 1009 eduxit,
1057 952 1388 1020 impedimenta
1416 948 1655 1017 reliquit.
1646 963 1659 975 ·
1693 947 1885 997 arcessi-

503 1042 587 1077 tur
615 1027 884 1091 majestatis.

582 1100 632 1150 X
658 1102 708 1151 V
735 1101 776 1151 1.
829 1101 956 1165 Quae
1000 1097 1366 1157 constitutiones
1393 1130 1411 1156 ,
1463 1096 1514 1149 &
1558 1112 1666 1162 qnae
1712 1093 1888 1144 consti-

503 1174 751 1225 tut10num
800 1186 963 1240 partes
1013 1174 1109 1223 sint
1147 1206 1164 1231 ,
1222 1172 1331 1222 satis
1383 1171 1557 1220 videor
1613 1168 1884 1219 ostendisse.

504 1249 655 1298 Nunc
691 1265 788 1315 quo
816 1248 963 1297 modo
996 1252 1077 1296 ea's
1102 1280 1117 1304 ,
1162 1247 1215 1296 &
1249 1245 1341 1312 qu&
1368 1244 1447 1294 vi'a
1479 1243 1668 1295 trastari
1703 1260 1890 1293 conve·

507 1321 612 1371 niat
633 1356 649 1381 ,
687 1320 1103 1371 demonstrandum
1138 1320 1205 1369 est
1228 1353 1244 1378 ‚
1282 1320 1324 1369 si
1356 1316 1486 1384 ptius
1519 1317 1846 1383 aperuerimus
1869 1350 1889 1376 ‚

508 1394 628 1461 quid
667 1406 897 1460 oporteat
939 1394 996 1443 ab
1045 1395 1278 1443 ambobus
1327 1392 1377 1441 in
1422 1392 1562 1441 causa
1612 1390 1833 1441 destinati
1867 1424 1886 1451 ,

509 1466 611 1533 qud
647 1468 772 1516 tatio
806 1468 960 1516 omnis
993 1466 1146 1515 totius
1185 1465 1420 1515 orationis
1458 1465 1757 1514 conferatur.

587 1538 674 1587 26.
720 1539 1075 1587 Constitutione
1119 1538 1265 1603 igitur
1302 1539 1495 1602 reperta
1520 1570 1535 1593 ,
1577 1537 1727 1585 statim
1758 1553 1890 1600 quae·

511 1610 664 1660 tenda
710 1609 777 1660 est
813 1610 957 1659 ratio.
1005 1609 1151 1657 Ratio
1194 1608 1262 1658 est
1297 1641 1312 1666 ,
1358 1625 1464 1673 quae
1500 1608 1683 1656 causam
1726 1609 1842 1656 facit
1870 1641 1886 1667 ,

514 1683 569 1735 ὅ(
595 1683 815 1733 continet
850 1682 1183 1732 defensionem
1207 1715 1222 1740 ‚
1258 1680 1353 1729 hoc
1376 1680 1522 1729 modo
1551 1678 1571 1744 (
1596 1693 1649 1731 ut
1679 1680 1890 1731 docendi

512 1755 661 1807 caus&
698 1756 749 1806 in
781 1755 872 1805 hac
906 1752 1201 1822 potissimum
1239 1754 1546 1804 consistamus
1580 1754 1602 1821 )
1643 1752 1841 1804 Orestes
1868 1788 1888 1814 ,

509 1846 661 1895 quum
695 1828 983 1879 confiteatur
1017 1828 1065 1878 se
1096 1828 1320 1878 occidiffe
1355 1840 1555 1877 matrem
1580 1859 1594 1883 ‚
1634 1827 1725 1875 nisi
1759 1839 1890 1877 attu-

507 1903 624 1953 lerit
675 1902 784 1952 facti
839 1903 1074 1952 rationem
1109 1935 1124 1961 ,
1177 1901 1474 1967 pei-verterit
1532 1899 1886 1955 defensionem.

504 1976 640 2044 Ergo
663 1975 802 2027 affert
832 1993 936 2025 eam
962 1993 977 2035 3
1010 1993 1115 2042 quae
1143 1976 1235 2025 nisi
1256 1975 1586 2025 intercederet
1606 2008 1621 2032 ,
1655 1991 1718 2023 ne
1749 1973 1890 2027 causa

502 2050 703 2117 quidem
744 2049 879 2099 ess'et.
928 2047 1030 2099 Illa
1077 2048 1198 2098 enim
1227 2082 1242 2107 ‚
1286 2048 1475 2116 inquit,
1517 2063 1703 2116 patrem
1740 2066 1888 2099 meum

503 2122 767 2175 occiderat.
804 2122 934 2191 Ergo
970 2120 992 2187 (
1026 2135 1082 2173 ut
1111 2121 1296 2173 ostendi
1324 2124 1347 2191 )
1381 2122 1507 2174 ratio
1538 2138 1598 2172 ea
1629 2120 1697 2171 est
1719 2154 1735 2180 ,
1780 2140 1887 2189 quae

505 2197 733 2248 continet
759 2196 1094 2247 defensionem
1117 2230 1134 2256 ‚
1167 2196 1273 2246 sine
1305 2213 1396 2263 qua
1421 2213 1483 2246 ne
1516 2212 1663 2263 parva
1693 2196 1889 2263 quidem

505 2269 750 2321 dubitatio
789 2269 947 2337 potest
984 2269 1219 2321 remorati
1254 2269 1627 2321 damnationem.
1680 2268 1891 2323 Inventi

503 2343 743 2403 tatione,
785 2342 1136 2395 firmamentum
1179 2342 1493 2411 quarendum
1531 2342 1639 2403 est,
1621 2359 1634 2373 ·
1678 2342 1731 2393 id
1764 2342 1833 2393 est
1864 2376 1887 2401 ,

506 2414 644 2481 quod
678 2416 898 2465 continet
930 2417 1286 2467 accusationem
1310 2451 1329 2477 ‚
1366 2417 1501 2485 quod
1530 2414 1728 2468 affertur
1760 2432 1891 2467 con-

508 2500 587 2537 tra
615 2486 856 2536 rationem
883 2486 1180 2538 defensionis
1198 2521 1217 2545 ,
1254 2489 1315 2539 de
1346 2504 1443 2555 qun
1462 2486 1575 2539 ante
1596 2487 1769 2539 dietum
1798 2487 1891 2545 est.

505 2560 568 2612 ld
616 2560 935 2610 constituetur
978 2559 1075 2610 hoc
1125 2558 1331 2609 modtu
1371 2558 1535 2624 Quum
1580 2558 1687 2628 uis-s
1740 2558 1892 2612 fuerit

509 2632 722 2686 Orestes
760 2632 949 2683 ratione
972 2665 988 2691 ,
1032 2632 1130 2683 hoc
1177 2632 1319 2699 paustn
1346 2668 1363 2692 .,
1403 2632 1519 2684 Iar:

509 2707 638 2761 enim
667 2721 856 2777 pentem
897 2724 1044 2757 meum
1081 2707 1323 2760 occiderat
1351 2724 1371 2764 i

511 2778 820 2833 firmamento
847 2812 864 2839 ,
901 2780 998 2831 hoe
1031 2780 1226 2831 modo.-
1226 2780 1356 2832 ,sea

511 2851 718 2915 occidi,
765 2870 914 2921 neque
951 2851 1267 2917 adea-am
1419 2886 1464 2909 ν»

514 2926 627 2979 aeuie.
667 2926 744 2979 Ex
777 2928 972 2979 ratione
1003 2926 1304 2983 defensionis
1328 2960 1348 2988 .

513 2998 836 3053 accusationis
861 3034 880 3061 ,
929 2999 1098 3067 judieii
1139 2999 1346 3069 quasti&
1380 3028 1399 3044 ¹

515 3086 662 3137 quam
697 3088 786 3123 nos
817 3070 1166 3141 iudicationem
1191 3106 1211 3135 ,
1227 3068 1308 3128 Gr-
1339 3085 1455 3112 ω’*

517 3142 640 3197 unt.
677 3142 752 3197 Et
789 3144 1090 3201 mannitur
1125 3162 1196 3203 σι
1226 3140 1464 3222 εσσῖσ

1226 3205 1282 3295 5
