2400 4067
257 495 334 568 am
452 469 746 544 Toercn

255 609 318 652 tem
340 586 441 650 referri
464 585 571 669 potest.
611 586 777 648 Notionem
800 587 940 671 appello,

256 671 338 754 quod
358 669 455 731 Graeci
473 685 534 727 tum
548 671 654 742 irrotare,
668 683 731 727 tum
746 671 884 748 relando
896 671 943 731 di*

256 769 336 813 cunt.
358 750 400 810 Ea
409 748 450 810 est
459 752 561 821 Insita,
575 749 608 807 ὃ(
619 749 686 808 anti
695 767 839 828 percepta
849 749 938 830 cujus·

256 855 314 975 §ue
323 832 425 892 formae
439 832 584 911 cognitio,
597 829 782 889 enodationis
793 830 937 913 indigens.

282 934 371 974 ormae
386 914 471 994 igitur
482 910 544 969 sunt
559 910 622 982 hae,
640 913 670 969 in
686 930 757 990 quas
774 931 868 992 genus
879 916 937 974 sine

256 994 340 1055 ullius
353 994 596 1073 praetermissione
611 988 767 1051 dividitur:
790 1009 822 1050 ut
841 994 865 1050 si
878 997 937 1074 quis

255 1072 300 1155 jus
315 1078 344 1135 in
358 1075 472 1155 legem,
486 1091 621 1140 morem,
637 1073 803 1210 affluitatem
818 1072 937 1135 dividat.

256 1156 376 1216 Formas
387 1156 436 1235 qui
447 1168 529 1232 putat
544 1151 623 1210 idem
635 1172 651 1211 e
675 1172 691 1211 e
702 1195 711 1224 ‚
726 1151 813 1290 guod
826 1172 937 1233 partes,

257 1233 410 1296 confundit
425 1251 538 1292 artem:
560 1232 725 1292 &similitu
745 1236 794 1293 ine
836 1236 938 1295 uadam

257 1315 459 1388 conturbatus,
471 1312 606 1373 nonsatis
619 1314 722 1387 acute,
738 1254 834 1396 quaei

257 1395 422 1469 cernenda,
442 1393 596 1475 distinguit.

301 1495 348 1556 32·
366 1475 450 1556 Saepe
464 1478 552 1535 etiam
563 1472 746 1534 deliniunt&
757 1492 893 1537 oratores
907 1477 938 1537 δι

255 1563 354 1640 po'e'tae
368 1577 423 1639 pet
435 1555 651 1616 transsationem
665 1555 770 1631 verbi,
789 1576 829 1617 ex
842 1559 940 1618 simili-

256 1640 378 1712 tudine,
397 1659 463 1697 cum
481 1636 605 1718 quadam
618 1635 767 1696 suavitate.
800 1635 862 1698 Sed
882 1659 939 1721 ego

257 1743 275 1785 a
292 1717 392 1781 vestris
414 1716 574 1797 exemplis,
598 1719 652 1775 nisi
672 1716 854 1793 necellario,
880 1740 937 1779 non

256 1800 405 1861 recedam.
429 1797 550 1858 Solebat
565 1799 650 1878 igitur
659 1797 811 1880 Aquilius,
826 1799 938 1883 collega

257 1881 292 1944 &
303 1879 446 1940 familiaris
456 1897 558 1949 meus,
569 1898 658 1957 quum
668 1879 705 1938 de
714 1879 861 1941 littoribus
870 1902 938 1963 age·

257 1979 355 2032 retur,
370 1980 434 2040 quae
444 1959 542 2018 omnia
553 1960 669 2038 publica
677 1957 734 2019 elle
744 1960 853 2033 vultis,
863 1983 938 2042 quae·

256 2041 386 2103 rentibus
405 2040 457 2113 iis,
474 2039 512 2097 ad
528 2060 599 2178 ἳοε
620 2040 650 2098 id
663 2040 851 2120 pertinebat,
871 2043 937 2124 quid

257 2121 328 2184 esset
337 2123 480 2192 littus,ita
494 2119 531 2180 de
553 2123 632 2193 nire,
649 2121 704 2199 qud
711 2124 816 2202 flodus
830 2123 937 2183 allude·

257 2223 316 2264 ter:
330 2204 388 2262 hoc
402 2201 460 2276 est,
472 2203 553 2280 quasi
565 2201 614 2280 qui
629 2200 875 2276 adolescentiam,
885 2204 940 2263 flo-

255 2304 320 2346 rem
341 2285 450 2356 aetatis,
471 2280 669 2355 senectutem,
694 2281 828 2342 occasum
848 2287 938 2356 vitae,

254 2367 328 2428 velit
340 2363 469 2425 definire.
497 2360 697 2423 Transsatione
711 2379 797 2430 utens
809 2363 940 2426 discede·

255 2447 307 2519 bat
318 2468 334 2505 a
344 2445 440 2505 verbis
452 2445 575 2524 propriis
582 2463 697 2516 rerum,
714 2465 748 2503 ac
758 2443 823 2504 suis.
844 2445 939 2525 Quod

255 2527 294 2590 ad
305 2525 488 2586 definitiones
499 2527 622 2598 attinet,
634 2523 786 2585 ’hadenus
815 2524 938 2607 Reliqua

255 2608 418 2669 videamus.

296 2687 379 2748 VIII.
395 2684 660 2745 Partitioneautem
669 2686 709 2744 sic
721 2685 868 2746 urendum
881 2685 938 2759 est,

254 2769 364 2832 nullam
380 2784 412 2827 ut
426 2782 538 2846 partem
555 2766 699 2846 relinquas
715 2786 722 2823 :
750 2782 783 2826 ut
800 2770 825 2826 si
841 2771 939 2849 partiri

255 2852 329 2915 velis
348 2847 474 2920 tutelas,
499 2845 652 2906 inscienter
673 2845 761 2905 facias
770 2892 782 2918 ,
807 2851 832 2907 si
852 2850 939 2909 ullam

255 2932 467 3022 praetermittas.
502 2927 545 2987 At
569 2931 594 2987 si
620 2926 864 3006 stipulationum,
893 2948 939 2989 aut

253 3014 306 3092 rud
317 3017 427 3075 ciorum
441 3009 578 3071 formulas
594 3009 739 3090 partiare,
759 3030 823 3072 non
842 3009 885 3073 est
898 3014 939 3073 vi·

826 1333 879 1374 unt
892 1316 938 1378 se-
