2400 4067
253 356 332 439 '202
380 366 454 435 Da
481 363 821 434 lunatio-nr
859 343 860 346 ‘

251 479 317 570 satis
325 478 415 543 estuti
423 480 640 621 propositione,
649 476 881 558 &nonoportet
890 477 942 538 ad·

251 580 374 644 jungere
387 583 479 643 appro
502 562 633 620 ationem
642 560 858 644 propositioni3
869 580 943 641 qua-

251 641 434 704 clamantem
451 644 481 702 in
498 643 749 723 argumentatione
765 637 883 700 infirma
899 637 943 701 est

274 726 441 805 repositio,
458 723 512 782 nisi
532 719 667 801 adjunda
685 723 721 780 sit
741 721 939 801 approbatio;

248 742 411 882 aparatum
426 801 564 886 quiddam
579 799 620 862 est
635 824 653 860 a
664 802 870 890 propositione
888 823 942 884 ap·

250 885 412 966 probatio:
432 883 513 966 quod
528 885 607 943 enim
626 880 743 963 adjungi
763 882 796 942 &
815 880 943 963 separari

249 965 287 1025 ab
302 964 398 1048 aliquo
410 963 525 1046 potest,
538 963 569 1023 id
578 984 640 1023 non
655 960 751 1044 potest
762 961 843 1024 idem
859 960 938 1039 effe,

291 1046 331 1105 od
345 1045 445 1119 estid,
461 1045 498 1105 ad
513 1044 593 1126 quod
609 1042 792 1126 adjungitur,
803 1044 837 1105 &
851 1043 941 1126 aquo

249 1065 405 1207 sdpmatur.
426 1124 475 1186 Est
489 1141 587 1220 autem
604 1125 737 1206 quaedam
754 1142 942 1207 argumenta*

249 1222 313 1281 tro,
331 1210 361 1268 itt
378 1229 434 1290 qua
448 1208 611 1288 proposino
624 1226 685 1264 non
700 1204 811 1288 indiget
828 1226 941 1288 appro-

980 255 984 347 l

249 1287 372 1350 batione
390 1310 400 1363 3
421 1289 454 1348 &
474 1286 626 1369 quaedam,
646 1288 676 1345 in
692 1307 750 1426 qua
769 1286 841 1347 nihil
859 1287 941 1348 val'et
983 1352 984 1356 ,

250 1367 358 1450 absque
374 1369 608 1451 approbatione,
625 1382 691 1426 uto
716 1367 868 1428 eudemus.
888 1367 942 1429 Se·

250 1466 352 1530 parata
370 1449 411 1510 est
432 1451 516 1532 igitur
535 1471 552 1508 a
570 1449 772 1529 propositione
791 1449 942 1531 approba-

252 1530 306 1589 tio.
326 1528 524 1591 Ostendemus
539 1545 636 1590 autem
651 1528 701 1603 id,
720 1528 802 1610 quod
818 1530 942 1609 polliciti

250 1608 368 1683 sumus,
383 1612 440 1672 hoc
457 1610 550 1671 modo
567 1631 574 1668 ε
591 1609 849 1691 Quapropositio
864 1613 894 1670 in
911 1611 941 1672 se

251 1691 391 1772 quiddam
417 1694 550 1752 continet
573 1689 772 1770 perspicuum,
795 1692 834 1752 eb
858 1692 944 1774 quod

251 1770 383 1831 constare
407 1775 481 1831 inter
506 1791 609 1832 omnes
635 1769 746 1832 necesse
771 1771 840 1845 est,
865 1773 940 1833 hanc

250 1851 329 1914 velle
346 1853 508 1991 approbare
527 1852 560 1911 &
577 1849 691 1911 firmare
708 1853 778 1912 nihil
794 1855 907 1914 attinet.

292 1934 343 2011 63.
381 1931 454 1993 aest
468 1928 635 2008 hujusmodi
652 1953 659 1991 :
676 1932 728 2007 Si,
743 1954 802 2015 quo
823 1934 871 1996 die
890 1933 943 1994 ista

251 2013 345 2073 caedes
368 2013 473 2072 Romae
493 2011 567 2072 fasta
586 2011 627 2073 est
646 2058 655 2087 ‚
675 2033 732 2095 ego
753 2014 879 2075 Athenis
902 2035 941 2076 eo

251 2094 300 2155 die
315 2094 375 2168 fui,
391 2091 523 2154 interesse
540 2097 569 2153 in
586 2093 665 2154 caede
682 2116 743 2154 non
758 2098 852 2175 potui.
872 2096 942 2157 Hoc
965 2164 967 2168 ,

250 2178 318 2256 quia
335 2175 484 2257 perspicui
495 2195 599 2236 verum
610 2173 668 2248 est,
684 2177 755 2234 nihil
769 2180 872 2237 attinet
888 2200 944 2259 ap·

251 2256 380 2336 probari.
407 2256 509 2336 Quare
538 2255 636 2315 assumi
663 2254 757 2315 statim
785 2274 906 2338 oportet
930 2305 941 2334 ‚

250 2338 308 2396 hoc
332 2337 424 2397 modo
448 2336 530 2395 :Fui
556 2353 655 2397 autem
672 2337 794 2397 Athenis
817 2359 856 2399 eo
883 2340 941 2401 die.

252 2415 322 2476 Hoc
333 2420 356 2476 si
367 2438 428 2476 non
439 2414 570 2489 constat,
583 2417 695 2498 indiget
706 2418 944 2498 approbationis3

251 2497 310 2576 qui
327 2496 461 2568 inducta,
475 2496 641 2575 complexio
655 2497 865 2579 consequetur:
883 2500 945 2583 Igi-

251 2591 298 2636 tur
315 2579 344 2635 in
359 2576 439 2636 caede
456 2575 592 2636 interesse
607 2598 667 2636 non
684 2583 775 2659 potui.
793 2579 841 2639 Est
855 2584 944 2662 igitur

254 2656 387 2739 quaedam
406 2658 590 2737 propositio,
609 2679 672 2738 quae
689 2681 749 2718 non
765 2661 875 2742 indiget
891 2685 946 2743 ap·

251 2739 437 2820 probatione.
456 2735 533 2796 Nam
550 2735 606 2797 esse
623 2740 797 2819 quamdam,
815 2762 880 2822 quae
896 2747 944 2802 in-

254 2819 373 2901 digeat,
391 2816 460 2899 quid
476 2820 577 2877 attinet
594 2817 767 2895 ostendere,
783 2823 864 2902 quod
884 2826 949 2884 cui·

254 2903 298 2966 uis
312 2899 395 2960 facile
405 2897 589 2983 perspicuum
603 2898 643 2962 est
656 2899 667 2962 ἓ
682 2900 775 2984 Quod
792 2905 815 2962 si
826 2906 867 2964 ita
884 2905 926 2967 ost
933 2951 948 2982 ‚
