<?xml version="1.0" encoding="UTF-8"?>
<!DOCTYPE html PUBLIC "-//W3C//DTD XHTML 1.0 Transitional//EN"
    "http://www.w3.org/TR/xhtml1/DTD/xhtml1-transitional.dtd">
<html xmlns="http://www.w3.org/1999/xhtml" xml:lang="en" lang="en">
 <head>
  <title>
</title>
<meta http-equiv="Content-Type" content="text/html;charset=utf-8" />
  <meta name='ocr-system' content='tesseract 3.04.00' />
  <meta name='ocr-capabilities' content='ocr_page ocr_carea ocr_par ocr_line ocrx_word'/>
</head>
<body>
  <div class='ocr_page' id='page_1' title='image "./mtulliiciceroni01lallgoog_0100.png"; bbox 0 0 2400 4067; ppageno 0'>
   <div class='ocr_carea' id='block_1_1' title="bbox 262 483 860 578">
    <p class='ocr_par' dir='ltr' id='par_1_1' title="bbox 262 483 860 578">
     <span class='ocr_line' id='line_1_1' title="bbox 262 483 860 578; baseline -0.01 -22"><span class='ocrx_word' id='word_1_1' title='bbox 262 483 313 578; x_wconf 89' lang='lat'>76</span> <span class='ocrx_word' id='word_1_2' title='bbox 376 485 860 553; x_wconf 77' lang='lat' dir='ltr'>Rnrrourcouunr</span> 
     </span>
    </p>
   </div>
   <div class='ocr_carea' id='block_1_2' title="bbox 238 597 956 3015">
    <p class='ocr_par' dir='ltr' id='par_1_2' title="bbox 252 597 956 2280">
     <span class='ocr_line' id='line_1_2' title="bbox 260 597 956 666; baseline -0.006 -15"><span class='ocrx_word' id='word_1_3' title='bbox 260 603 345 652; x_wconf 86' lang='lat' dir='ltr'>borum</span> <span class='ocrx_word' id='word_1_4' title='bbox 364 603 532 654; x_wconf 81' lang='lat' dir='ltr'>similitudines</span> <span class='ocrx_word' id='word_1_5' title='bbox 553 600 746 658; x_wconf 84' lang='lat' dir='ltr'>constituuntur.</span> <span class='ocrx_word' id='word_1_6' title='bbox 769 616 849 666; x_wconf 89' lang='lat' dir='ltr'>quum</span> <span class='ocrx_word' id='word_1_7' title='bbox 870 597 956 652; x_wconf 50' lang='lat' dir='ltr'>unius&amp;</span> 
     </span>
     <span class='ocr_line' id='line_1_3' title="bbox 260 673 954 742; baseline 0 -18"><span class='ocrx_word' id='word_1_8' title='bbox 260 675 376 742; x_wconf 61' lang='lat' dir='ltr'>‚ctrjusque</span> <span class='ocrx_word' id='word_1_9' title='bbox 394 677 515 735; x_wconf 87' lang='lat' dir='ltr'>nominis,</span> <span class='ocrx_word' id='word_1_10' title='bbox 536 676 562 727; x_wconf 78' lang='grc' dir='ltr'>δι</span> <span class='ocrx_word' id='word_1_11' title='bbox 577 675 691 726; x_wconf 82' lang='lat' dir='ltr'>vocabuli</span> <span class='ocrx_word' id='word_1_12' title='bbox 709 673 829 723; x_wconf 87' lang='lat' dir='ltr'>memoria</span> <span class='ocrx_word' id='word_1_13' title='bbox 847 674 954 742; x_wconf 75' lang='lat' dir='ltr'>imagine</span> 
     </span>
     <span class='ocr_line' id='line_1_4' title="bbox 258 747 953 814; baseline 0 -15"><span class='ocrx_word' id='word_1_14' title='bbox 258 762 367 800; x_wconf 86' lang='lat' dir='ltr'>notatur.</span> <span class='ocrx_word' id='word_1_15' title='bbox 380 749 429 800; x_wconf 89' lang='lat' dir='ltr'>Rei</span> <span class='ocrx_word' id='word_1_16' title='bbox 439 750 515 800; x_wconf 89' lang='lat' dir='ltr'>totius</span> <span class='ocrx_word' id='word_1_17' title='bbox 530 749 670 799; x_wconf 75' lang='lat' dir='ltr'>memoriam</span> <span class='ocrx_word' id='word_1_18' title='bbox 680 747 741 814; x_wconf 84' lang='lat' dir='ltr'>saepe</span> <span class='ocrx_word' id='word_1_19' title='bbox 758 747 809 797; x_wconf 72' lang='lat' dir='ltr'>uni</span> <span class='ocrx_word' id='word_1_20' title='bbox 824 747 910 807; x_wconf 74' lang='lat' dir='ltr'>notit,</span> <span class='ocrx_word' id='word_1_21' title='bbox 929 747 953 799; x_wconf 75' lang='grc' dir='ltr'>δι</span> 
     </span>
     <span class='ocr_line' id='line_1_5' title="bbox 257 821 952 890; baseline -0.001 -17"><span class='ocrx_word' id='word_1_22' title='bbox 257 822 360 890; x_wconf 83' lang='lat' dir='ltr'>imagine</span> <span class='ocrx_word' id='word_1_23' title='bbox 381 824 482 889; x_wconf 82' lang='lat' dir='ltr'>simplici</span> <span class='ocrx_word' id='word_1_24' title='bbox 502 822 754 888; x_wconf 82' lang='lat' dir='ltr'>comprehendemus,</span> <span class='ocrx_word' id='word_1_25' title='bbox 777 821 829 870; x_wconf 87' lang='lat' dir='ltr'>hoc</span> <span class='ocrx_word' id='word_1_26' title='bbox 853 821 952 872; x_wconf 71' lang='lat' dir='ltr'>modos</span> 
     </span>
     <span class='ocr_line' id='line_1_6' title="bbox 257 892 952 961; baseline 0 -16"><span class='ocrx_word' id='word_1_27' title='bbox 257 894 311 953; x_wconf 87' lang='lat' dir='ltr'>Ut,</span> <span class='ocrx_word' id='word_1_28' title='bbox 330 896 351 945; x_wconf 85' lang='lat' dir='ltr'>si</span> <span class='ocrx_word' id='word_1_29' title='bbox 364 892 488 961; x_wconf 80' lang='lat' dir='ltr'>accusator</span> <span class='ocrx_word' id='word_1_30' title='bbox 502 896 610 952; x_wconf 78' lang='lat' dir='ltr'>dixerit,</span> <span class='ocrx_word' id='word_1_31' title='bbox 628 895 658 944; x_wconf 79' lang='lat' dir='ltr'>ab</span> <span class='ocrx_word' id='word_1_32' title='bbox 673 912 713 946; x_wconf 85' lang='lat' dir='ltr'>reo</span> <span class='ocrx_word' id='word_1_33' title='bbox 725 893 845 944; x_wconf 76' lang='lat' dir='ltr'>bominem</span> <span class='ocrx_word' id='word_1_34' title='bbox 861 911 952 945; x_wconf 73' lang='lat' dir='ltr'>venene</span> 
     </span>
     <span class='ocr_line' id='line_1_7' title="bbox 255 966 952 1037; baseline 0 -19"><span class='ocrx_word' id='word_1_35' title='bbox 255 984 363 1018; x_wconf 82' lang='lat' dir='ltr'>necatam</span> <span class='ocrx_word' id='word_1_36' title='bbox 374 985 384 1026; x_wconf 92' lang='lat'>‚·</span> <span class='ocrx_word' id='word_1_37' title='bbox 405 969 427 1018; x_wconf 71' lang='grc' dir='ltr'><em>Θ</em></span> <span class='ocrx_word' id='word_1_38' title='bbox 444 970 581 1019; x_wconf 80' lang='lat' dir='ltr'>hereditatis</span> <span class='ocrx_word' id='word_1_39' title='bbox 595 970 667 1019; x_wconf 70' lang='lat' dir='ltr'>cause</span> <span class='ocrx_word' id='word_1_40' title='bbox 679 966 768 1034; x_wconf 70' lang='lat' dir='ltr'>sosium</span> <span class='ocrx_word' id='word_1_41' title='bbox 781 968 916 1037; x_wconf 63' lang='lat' dir='ltr'>arguerit,</span> <span class='ocrx_word' id='word_1_42' title='bbox 930 967 952 1018; x_wconf 81' lang='lat'>6·</span> 
     </span>
     <span class='ocr_line' id='line_1_8' title="bbox 256 1037 952 1108; baseline 0.004 -18"><span class='ocrx_word' id='word_1_43' title='bbox 256 1042 304 1107; x_wconf 83' lang='lat' dir='ltr'>ejus</span> <span class='ocrx_word' id='word_1_44' title='bbox 319 1042 355 1091; x_wconf 84' lang='lat' dir='ltr'>rei</span> <span class='ocrx_word' id='word_1_45' title='bbox 371 1041 458 1091; x_wconf 70' lang='lat' dir='ltr'>maltos</span> <span class='ocrx_word' id='word_1_46' title='bbox 474 1042 563 1092; x_wconf 76' lang='lat' dir='ltr'>dixerit</span> <span class='ocrx_word' id='word_1_47' title='bbox 581 1043 650 1104; x_wconf 78' lang='lat' dir='ltr'>testes</span> <span class='ocrx_word' id='word_1_48' title='bbox 671 1043 694 1091; x_wconf 72' lang='lat' dir='ltr'>o</span> <span class='ocrx_word' id='word_1_49' title='bbox 711 1037 820 1107; x_wconf 79' lang='lat' dir='ltr'>conscios</span> <span class='ocrx_word' id='word_1_50' title='bbox 841 1039 891 1108; x_wconf 79' lang='lat' dir='ltr'>effe</span> <span class='ocrx_word' id='word_1_51' title='bbox 909 1039 952 1093; x_wconf 79' lang='lat' dir='ltr'>:ti</span> 
     </span>
     <span class='ocr_line' id='line_1_9' title="bbox 254 1112 951 1182; baseline 0.003 -18"><span class='ocrx_word' id='word_1_52' title='bbox 254 1116 303 1164; x_wconf 87' lang='lat' dir='ltr'>hoc</span> <span class='ocrx_word' id='word_1_53' title='bbox 322 1112 445 1180; x_wconf 78' lang='lat' dir='ltr'>primdm‚</span> <span class='ocrx_word' id='word_1_54' title='bbox 467 1127 494 1164; x_wconf 93' lang='lat' dir='ltr'>ut</span> <span class='ocrx_word' id='word_1_55' title='bbox 511 1116 541 1164; x_wconf 88' lang='lat' dir='ltr'>ad</span> <span class='ocrx_word' id='word_1_56' title='bbox 558 1114 736 1165; x_wconf 82' lang='lat' dir='ltr'>defendendum</span> <span class='ocrx_word' id='word_1_57' title='bbox 754 1113 829 1166; x_wconf 85' lang='lat' dir='ltr'>nobis</span> <span class='ocrx_word' id='word_1_58' title='bbox 847 1115 951 1182; x_wconf 83' lang='lat' dir='ltr'>expedi·</span> 
     </span>
     <span class='ocr_line' id='line_1_10' title="bbox 254 1187 951 1256; baseline 0.006 -19"><span class='ocrx_word' id='word_1_59' title='bbox 254 1199 306 1242; x_wconf 82' lang='lat' dir='ltr'>tum</span> <span class='ocrx_word' id='word_1_60' title='bbox 321 1188 372 1246; x_wconf 88' lang='lat' dir='ltr'>sit,</span> <span class='ocrx_word' id='word_1_61' title='bbox 391 1187 521 1238; x_wconf 85' lang='lat' dir='ltr'>meminisse</span> <span class='ocrx_word' id='word_1_62' title='bbox 539 1190 649 1238; x_wconf 87' lang='lat' dir='ltr'>volemus</span> <span class='ocrx_word' id='word_1_63' title='bbox 663 1205 673 1246; x_wconf 73' lang='grc' dir='ltr'><strong><em>ς</em></strong></span> <span class='ocrx_word' id='word_1_64' title='bbox 695 1188 720 1237; x_wconf 92' lang='lat' dir='ltr'>in</span> <span class='ocrx_word' id='word_1_65' title='bbox 737 1187 818 1256; x_wconf 90' lang='lat' dir='ltr'>primo</span> <span class='ocrx_word' id='word_1_66' title='bbox 837 1189 901 1240; x_wconf 89' lang='lat' dir='ltr'>loco</span> <span class='ocrx_word' id='word_1_67' title='bbox 917 1187 951 1240; x_wconf 87' lang='lat' dir='ltr'>tei</span> 
     </span>
     <span class='ocr_line' id='line_1_11' title="bbox 252 1261 950 1330; baseline 0.006 -20"><span class='ocrx_word' id='word_1_68' title='bbox 252 1261 329 1312; x_wconf 87' lang='lat' dir='ltr'>totius</span> <span class='ocrx_word' id='word_1_69' title='bbox 353 1261 481 1328; x_wconf 79' lang='lat' dir='ltr'>imaginem</span> <span class='ocrx_word' id='word_1_70' title='bbox 508 1261 711 1312; x_wconf 69' lang='lat' dir='ltr'>conform-ibimus</span> <span class='ocrx_word' id='word_1_71' title='bbox 733 1278 742 1319; x_wconf 90' lang='lat'>;</span> <span class='ocrx_word' id='word_1_72' title='bbox 774 1274 905 1330; x_wconf 79' lang='lat' dir='ltr'>aegrotum</span> <span class='ocrx_word' id='word_1_73' title='bbox 928 1263 950 1313; x_wconf 81' lang='lat' dir='ltr'>in</span> 
     </span>
     <span class='ocr_line' id='line_1_12' title="bbox 253 1334 948 1408; baseline 0.004 -24"><span class='ocrx_word' id='word_1_74' title='bbox 253 1334 318 1408; x_wconf 68' lang='lat' dir='ltr'>ledo</span> <span class='ocrx_word' id='word_1_75' title='bbox 337 1337 463 1385; x_wconf 81' lang='lat' dir='ltr'>cubantem</span> <span class='ocrx_word' id='word_1_76' title='bbox 474 1335 591 1386; x_wconf 84' lang='lat' dir='ltr'>faciemus</span> <span class='ocrx_word' id='word_1_77' title='bbox 607 1334 683 1401; x_wconf 88' lang='lat' dir='ltr'>ipsum</span> <span class='ocrx_word' id='word_1_78' title='bbox 695 1334 762 1384; x_wconf 90' lang='lat' dir='ltr'>illum</span> <span class='ocrx_word' id='word_1_79' title='bbox 781 1335 814 1386; x_wconf 89' lang='lat' dir='ltr'>de</span> <span class='ocrx_word' id='word_1_80' title='bbox 826 1353 882 1403; x_wconf 89' lang='lat' dir='ltr'>quo</span> <span class='ocrx_word' id='word_1_81' title='bbox 895 1353 948 1406; x_wconf 84' lang='lat' dir='ltr'>age·</span> 
     </span>
     <span class='ocr_line' id='line_1_13' title="bbox 253 1408 947 1474; baseline 0.006 -17"><span class='ocrx_word' id='word_1_82' title='bbox 253 1419 314 1468; x_wconf 82' lang='lat' dir='ltr'>tur,</span> <span class='ocrx_word' id='word_1_83' title='bbox 338 1409 359 1458; x_wconf 86' lang='lat' dir='ltr'>si</span> <span class='ocrx_word' id='word_1_84' title='bbox 375 1409 474 1459; x_wconf 78' lang='lat' dir='ltr'>sormam</span> <span class='ocrx_word' id='word_1_85' title='bbox 495 1408 548 1474; x_wconf 82' lang='lat' dir='ltr'>ejus</span> <span class='ocrx_word' id='word_1_86' title='bbox 568 1409 756 1460; x_wconf 78' lang='lat' dir='ltr'>detinebimus-t</span> <span class='ocrx_word' id='word_1_87' title='bbox 777 1408 800 1460; x_wconf 85' lang='lat' dir='ltr'>si</span> <span class='ocrx_word' id='word_1_88' title='bbox 820 1426 883 1460; x_wconf 84' lang='lat' dir='ltr'>eum</span> <span class='ocrx_word' id='word_1_89' title='bbox 903 1426 947 1461; x_wconf 84' lang='lat' dir='ltr'>noo</span> 
     </span>
     <span class='ocr_line' id='line_1_14' title="bbox 253 1481 947 1551; baseline 0.004 -19"><span class='ocrx_word' id='word_1_90' title='bbox 253 1483 445 1549; x_wconf 78' lang='lat' dir='ltr'>agnoverimus,</span> <span class='ocrx_word' id='word_1_91' title='bbox 465 1483 569 1550; x_wconf 83' lang='lat' dir='ltr'>aliquem</span> <span class='ocrx_word' id='word_1_92' title='bbox 585 1494 703 1551; x_wconf 82' lang='lat' dir='ltr'>aegrotum</span> <span class='ocrx_word' id='word_1_93' title='bbox 723 1498 773 1532; x_wconf 93' lang='lat' dir='ltr'>non</span> <span class='ocrx_word' id='word_1_94' title='bbox 794 1481 827 1533; x_wconf 88' lang='lat' dir='ltr'>de</span> <span class='ocrx_word' id='word_1_95' title='bbox 849 1483 947 1547; x_wconf 64' lang='lat' dir='ltr'>minimo</span> 
     </span>
     <span class='ocr_line' id='line_1_15' title="bbox 252 1553 947 1624; baseline 0.004 -20"><span class='ocrx_word' id='word_1_96' title='bbox 252 1555 311 1623; x_wconf 83' lang='lat' dir='ltr'>loco</span> <span class='ocrx_word' id='word_1_97' title='bbox 324 1554 458 1615; x_wconf 83' lang='lat' dir='ltr'>sumemus,</span> <span class='ocrx_word' id='word_1_98' title='bbox 475 1569 502 1604; x_wconf 91' lang='lat' dir='ltr'>ut</span> <span class='ocrx_word' id='word_1_99' title='bbox 517 1553 567 1606; x_wconf 84' lang='lat' dir='ltr'>citd</span> <span class='ocrx_word' id='word_1_100' title='bbox 582 1556 607 1604; x_wconf 89' lang='lat' dir='ltr'>in</span> <span class='ocrx_word' id='word_1_101' title='bbox 622 1570 728 1606; x_wconf 86' lang='lat' dir='ltr'>mentem</span> <span class='ocrx_word' id='word_1_102' title='bbox 744 1556 835 1606; x_wconf 81' lang='lat' dir='ltr'>venire</span> <span class='ocrx_word' id='word_1_103' title='bbox 851 1557 947 1624; x_wconf 81' lang='lat' dir='ltr'>possit,</span> 
     </span>
     <span class='ocr_line' id='line_1_16' title="bbox 254 1625 948 1698; baseline 0.004 -19"><span class='ocrx_word' id='word_1_104' title='bbox 254 1627 281 1679; x_wconf 74' lang='grc' dir='ltr'>ὅ(</span> <span class='ocrx_word' id='word_1_105' title='bbox 298 1646 367 1680; x_wconf 90' lang='lat' dir='ltr'>reum</span> <span class='ocrx_word' id='word_1_106' title='bbox 384 1630 414 1679; x_wconf 87' lang='lat' dir='ltr'>ad</span> <span class='ocrx_word' id='word_1_107' title='bbox 428 1625 522 1679; x_wconf 67' lang='lat' dir='ltr'>lestund</span> <span class='ocrx_word' id='word_1_108' title='bbox 531 1627 585 1695; x_wconf 86' lang='lat' dir='ltr'>ejus</span> <span class='ocrx_word' id='word_1_109' title='bbox 600 1627 773 1687; x_wconf 85' lang='lat' dir='ltr'>adstituemus,</span> <span class='ocrx_word' id='word_1_110' title='bbox 795 1629 892 1682; x_wconf 65' lang='lat' dir='ltr'>dextri</span> <span class='ocrx_word' id='word_1_111' title='bbox 905 1648 948 1698; x_wconf 61' lang='lat' dir='ltr'>por</span> 
     </span>
     <span class='ocr_line' id='line_1_17' title="bbox 254 1701 947 1762; baseline 0.007 -10"><span class='ocrx_word' id='word_1_112' title='bbox 254 1703 354 1762; x_wconf 85' lang='lat' dir='ltr'>culum,</span> <span class='ocrx_word' id='word_1_113' title='bbox 370 1701 461 1752; x_wconf 67' lang='lat' dir='ltr'>sinistri</span> <span class='ocrx_word' id='word_1_114' title='bbox 473 1703 586 1760; x_wconf 85' lang='lat' dir='ltr'>tabulas,</span> <span class='ocrx_word' id='word_1_115' title='bbox 604 1701 700 1752; x_wconf 86' lang='lat' dir='ltr'>medico</span> <span class='ocrx_word' id='word_1_116' title='bbox 716 1701 846 1755; x_wconf 79' lang='lat' dir='ltr'>testiculos</span> <span class='ocrx_word' id='word_1_117' title='bbox 863 1705 947 1757; x_wconf 82' lang='lat' dir='ltr'>arieti·</span> 
     </span>
     <span class='ocr_line' id='line_1_18' title="bbox 253 1773 946 1835; baseline 0.007 -9"><span class='ocrx_word' id='word_1_118' title='bbox 253 1792 299 1826; x_wconf 87' lang='lat' dir='ltr'>nos</span> <span class='ocrx_word' id='word_1_119' title='bbox 315 1789 448 1826; x_wconf 88' lang='lat' dir='ltr'>tenentem.</span> <span class='ocrx_word' id='word_1_120' title='bbox 464 1774 520 1824; x_wconf 89' lang='lat' dir='ltr'>Hoc</span> <span class='ocrx_word' id='word_1_121' title='bbox 536 1773 610 1824; x_wconf 89' lang='lat' dir='ltr'>modo</span> <span class='ocrx_word' id='word_1_122' title='bbox 627 1775 653 1824; x_wconf 80' lang='grc' dir='ltr'>δι</span> <span class='ocrx_word' id='word_1_123' title='bbox 667 1773 781 1834; x_wconf 83' lang='lat' dir='ltr'>testium,</span> <span class='ocrx_word' id='word_1_124' title='bbox 805 1776 833 1828; x_wconf 75' lang='grc' dir='ltr'>ἃ</span> <span class='ocrx_word' id='word_1_125' title='bbox 853 1775 946 1835; x_wconf 80' lang='lat' dir='ltr'>heredi·</span> 
     </span>
     <span class='ocr_line' id='line_1_19' title="bbox 252 1847 945 1920; baseline 0.01 -23"><span class='ocrx_word' id='word_1_126' title='bbox 252 1849 329 1909; x_wconf 73' lang='lat' dir='ltr'>tatis,</span> <span class='ocrx_word' id='word_1_127' title='bbox 353 1848 378 1898; x_wconf 89' lang='lat'>&amp;</span> <span class='ocrx_word' id='word_1_128' title='bbox 394 1864 491 1897; x_wconf 88' lang='lat' dir='ltr'>veneno</span> <span class='ocrx_word' id='word_1_129' title='bbox 508 1847 588 1897; x_wconf 82' lang='lat' dir='ltr'>necati</span> <span class='ocrx_word' id='word_1_130' title='bbox 604 1848 741 1898; x_wconf 86' lang='lat' dir='ltr'>memoriam</span> <span class='ocrx_word' id='word_1_131' title='bbox 758 1848 858 1902; x_wconf 83' lang='lat' dir='ltr'>habete</span> <span class='ocrx_word' id='word_1_132' title='bbox 877 1863 945 1920; x_wconf 84' lang='lat' dir='ltr'>pote·</span> 
     </span>
     <span class='ocr_line' id='line_1_20' title="bbox 252 1920 945 1987; baseline 0.007 -16"><span class='ocrx_word' id='word_1_133' title='bbox 252 1922 335 1972; x_wconf 83' lang='lat' dir='ltr'>rimus.</span> <span class='ocrx_word' id='word_1_134' title='bbox 352 1921 415 1970; x_wconf 88' lang='lat' dir='ltr'>Item</span> <span class='ocrx_word' id='word_1_135' title='bbox 428 1920 542 1987; x_wconf 86' lang='lat' dir='ltr'>deinceps</span> <span class='ocrx_word' id='word_1_136' title='bbox 559 1932 642 1971; x_wconf 86' lang='lat' dir='ltr'>cetera</span> <span class='ocrx_word' id='word_1_137' title='bbox 656 1921 754 1970; x_wconf 84' lang='lat' dir='ltr'>crimina</span> <span class='ocrx_word' id='word_1_138' title='bbox 770 1939 805 1972; x_wconf 87' lang='lat' dir='ltr'>ex</span> <span class='ocrx_word' id='word_1_139' title='bbox 816 1925 909 1976; x_wconf 86' lang='lat' dir='ltr'>ordine</span> <span class='ocrx_word' id='word_1_140' title='bbox 924 1924 945 1975; x_wconf 85' lang='lat' dir='ltr'>iu</span> 
     </span>
     <span class='ocr_line' id='line_1_21' title="bbox 252 1993 946 2067; baseline 0.009 -23"><span class='ocrx_word' id='word_1_141' title='bbox 252 1993 314 2059; x_wconf 85' lang='lat' dir='ltr'>locis</span> <span class='ocrx_word' id='word_1_142' title='bbox 333 2011 450 2067; x_wconf 77' lang='lat' dir='ltr'>ponemus</span> <span class='ocrx_word' id='word_1_143' title='bbox 469 2009 477 2045; x_wconf 76' lang='lat' dir='ltr'>t</span> <span class='ocrx_word' id='word_1_144' title='bbox 497 1995 545 2052; x_wconf 88' lang='lat'>&amp;‚</span> <span class='ocrx_word' id='word_1_145' title='bbox 564 1994 767 2061; x_wconf 84' lang='lat' dir='ltr'>quotiescumque</span> <span class='ocrx_word' id='word_1_146' title='bbox 787 2013 844 2047; x_wconf 89' lang='lat' dir='ltr'>rem</span> <span class='ocrx_word' id='word_1_147' title='bbox 865 1998 946 2049; x_wconf 79' lang='lat' dir='ltr'>memi-</span> 
     </span>
     <span class='ocr_line' id='line_1_22' title="bbox 253 2066 946 2135; baseline 0.001 -18"><span class='ocrx_word' id='word_1_148' title='bbox 253 2067 310 2129; x_wconf 83' lang='lat' dir='ltr'>nisse</span> <span class='ocrx_word' id='word_1_149' title='bbox 322 2070 432 2118; x_wconf 82' lang='lat' dir='ltr'>volemus</span> <span class='ocrx_word' id='word_1_150' title='bbox 446 2101 454 2126; x_wconf 87' lang='lat'><em>,</em></span> <span class='ocrx_word' id='word_1_151' title='bbox 473 2066 493 2117; x_wconf 93' lang='lat' dir='ltr'>si</span> <span class='ocrx_word' id='word_1_152' title='bbox 504 2068 634 2117; x_wconf 83' lang='lat' dir='ltr'>formatum</span> <span class='ocrx_word' id='word_1_153' title='bbox 650 2067 810 2135; x_wconf 87' lang='lat' dir='ltr'>dispositione</span> <span class='ocrx_word' id='word_1_154' title='bbox 824 2103 832 2130; x_wconf 90' lang='lat'>‚</span> <span class='ocrx_word' id='word_1_155' title='bbox 854 2072 884 2124; x_wconf 69' lang='grc' dir='ltr'>ἃ</span> <span class='ocrx_word' id='word_1_156' title='bbox 893 2073 946 2122; x_wconf 76' lang='lat' dir='ltr'>ima·</span> 
     </span>
     <span class='ocr_line' id='line_1_23' title="bbox 252 2139 945 2215; baseline 0.001 -24"><span class='ocrx_word' id='word_1_157' title='bbox 252 2142 333 2210; x_wconf 87' lang='lat' dir='ltr'>ginum</span> <span class='ocrx_word' id='word_1_158' title='bbox 346 2140 454 2209; x_wconf 86' lang='lat' dir='ltr'>diligenti</span> <span class='ocrx_word' id='word_1_159' title='bbox 467 2141 594 2191; x_wconf 82' lang='lat' dir='ltr'>notatione</span> <span class='ocrx_word' id='word_1_160' title='bbox 605 2152 719 2200; x_wconf 83' lang='lat' dir='ltr'>utemur,</span> <span class='ocrx_word' id='word_1_161' title='bbox 737 2139 812 2193; x_wconf 74' lang='lat' dir='ltr'>facile</span> <span class='ocrx_word' id='word_1_162' title='bbox 828 2161 862 2196; x_wconf 79' lang='lat' dir='ltr'>ea</span> <span class='ocrx_word' id='word_1_163' title='bbox 873 2177 883 2206; x_wconf 86' lang='lat'><strong>,</strong></span> <span class='ocrx_word' id='word_1_164' title='bbox 896 2163 945 2215; x_wconf 73' lang='lat' dir='ltr'>qu2</span> 
     </span>
     <span class='ocr_line' id='line_1_24' title="bbox 252 2213 717 2280; baseline -0.004 -16"><span class='ocrx_word' id='word_1_165' title='bbox 252 2217 382 2273; x_wconf 87' lang='lat' dir='ltr'>volemus,</span> <span class='ocrx_word' id='word_1_166' title='bbox 401 2214 518 2265; x_wconf 71' lang='lat' dir='ltr'>memorii</span> <span class='ocrx_word' id='word_1_167' title='bbox 533 2213 717 2280; x_wconf 84' lang='lat' dir='ltr'>consequemur.</span> 
     </span>
    </p>

    <p class='ocr_par' dir='ltr' id='par_1_3' title="bbox 238 2285 946 3015">
     <span class='ocr_line' id='line_1_25' title="bbox 290 2285 946 2361; baseline 0.003 -22"><span class='ocrx_word' id='word_1_168' title='bbox 290 2289 362 2339; x_wconf 88' lang='lat' dir='ltr'>XXI.</span> <span class='ocrx_word' id='word_1_169' title='bbox 376 2287 459 2354; x_wconf 85' lang='lat' dir='ltr'>Quum</span> <span class='ocrx_word' id='word_1_170' title='bbox 473 2289 605 2340; x_wconf 82' lang='lat' dir='ltr'>verborum</span> <span class='ocrx_word' id='word_1_171' title='bbox 619 2285 786 2338; x_wconf 88' lang='lat' dir='ltr'>similitudines</span> <span class='ocrx_word' id='word_1_172' title='bbox 797 2287 946 2361; x_wconf 80' lang='lat' dir='ltr'>imaginibus</span> 
     </span>
     <span class='ocr_line' id='line_1_26' title="bbox 251 2360 945 2432; baseline 0.003 -18"><span class='ocrx_word' id='word_1_173' title='bbox 251 2363 389 2432; x_wconf 78' lang='lat' dir='ltr'>exprimere</span> <span class='ocrx_word' id='word_1_174' title='bbox 403 2364 531 2423; x_wconf 86' lang='lat' dir='ltr'>volemus,</span> <span class='ocrx_word' id='word_1_175' title='bbox 546 2364 600 2429; x_wconf 79' lang='lat' dir='ltr'>plus</span> <span class='ocrx_word' id='word_1_176' title='bbox 614 2360 707 2429; x_wconf 80' lang='lat' dir='ltr'>negotii</span> <span class='ocrx_word' id='word_1_177' title='bbox 722 2361 905 2428; x_wconf 80' lang='lat' dir='ltr'>suscipiemus,</span> <span class='ocrx_word' id='word_1_178' title='bbox 921 2367 945 2420; x_wconf 80' lang='lat' dir='ltr'>dt</span> 
     </span>
     <span class='ocr_line' id='line_1_27' title="bbox 252 2434 945 2505; baseline 0.003 -19"><span class='ocrx_word' id='word_1_179' title='bbox 252 2439 327 2505; x_wconf 74' lang='lat' dir='ltr'>inagis</span> <span class='ocrx_word' id='word_1_180' title='bbox 338 2437 459 2505; x_wconf 89' lang='lat' dir='ltr'>ingenium</span> <span class='ocrx_word' id='word_1_181' title='bbox 474 2437 578 2487; x_wconf 85' lang='lat' dir='ltr'>nostrum</span> <span class='ocrx_word' id='word_1_182' title='bbox 589 2434 765 2485; x_wconf 81' lang='lat' dir='ltr'>exercebimus.</span> <span class='ocrx_word' id='word_1_183' title='bbox 783 2435 815 2485; x_wconf 90' lang='lat' dir='ltr'>ld</span> <span class='ocrx_word' id='word_1_184' title='bbox 835 2456 886 2492; x_wconf 89' lang='lat' dir='ltr'>nos</span> <span class='ocrx_word' id='word_1_185' title='bbox 899 2441 945 2492; x_wconf 81' lang='lat' dir='ltr'>hoe</span> 
     </span>
     <span class='ocr_line' id='line_1_28' title="bbox 253 2504 945 2583; baseline 0.009 -24"><span class='ocrx_word' id='word_1_186' title='bbox 253 2504 328 2564; x_wconf 75' lang='lat' dir='ltr'>inodo</span> <span class='ocrx_word' id='word_1_187' title='bbox 349 2511 432 2560; x_wconf 85' lang='lat' dir='ltr'>facere</span> <span class='ocrx_word' id='word_1_188' title='bbox 453 2509 585 2575; x_wconf 86' lang='lat' dir='ltr'>oportebit.</span> <span class='ocrx_word' id='word_1_189' title='bbox 609 2506 662 2557; x_wconf 79' lang='lat' dir='ltr'>Iam</span> <span class='ocrx_word' id='word_1_190' title='bbox 685 2507 855 2561; x_wconf 78' lang='lat' dir='ltr'>domuitionem</span> <span class='ocrx_word' id='word_1_191' title='bbox 883 2531 945 2583; x_wconf 76' lang='lat' dir='ltr'>reges</span> 
     </span>
     <span class='ocr_line' id='line_1_29' title="bbox 252 2578 946 2648; baseline 0.009 -15"><span class='ocrx_word' id='word_1_192' title='bbox 252 2578 345 2633; x_wconf 75' lang='lat' dir='ltr'>Atride</span> <span class='ocrx_word' id='word_1_193' title='bbox 356 2597 453 2648; x_wconf 72' lang='lat' dir='ltr'>ponunt.</span> <span class='ocrx_word' id='word_1_194' title='bbox 469 2583 497 2631; x_wconf 91' lang='lat' dir='ltr'>ln</span> <span class='ocrx_word' id='word_1_195' title='bbox 512 2583 569 2631; x_wconf 91' lang='lat' dir='ltr'>loco</span> <span class='ocrx_word' id='word_1_196' title='bbox 585 2580 730 2631; x_wconf 84' lang='lat' dir='ltr'>constituere</span> <span class='ocrx_word' id='word_1_197' title='bbox 742 2595 846 2648; x_wconf 90' lang='lat' dir='ltr'>oportet</span> <span class='ocrx_word' id='word_1_198' title='bbox 860 2602 946 2638; x_wconf 81' lang='lat' dir='ltr'>manus</span> 
     </span>
     <span class='ocr_line' id='line_1_30' title="bbox 252 2654 945 2728; baseline 0.006 -23"><span class='ocrx_word' id='word_1_199' title='bbox 252 2656 284 2713; x_wconf 73' lang='lat' dir='ltr'>ad</span> <span class='ocrx_word' id='word_1_200' title='bbox 299 2657 387 2711; x_wconf 75' lang='lat' dir='ltr'>coelnm</span> <span class='ocrx_word' id='word_1_201' title='bbox 402 2656 531 2704; x_wconf 86' lang='lat' dir='ltr'>tollentem</span> <span class='ocrx_word' id='word_1_202' title='bbox 545 2654 699 2714; x_wconf 87' lang='lat' dir='ltr'>Domitium,</span> <span class='ocrx_word' id='word_1_203' title='bbox 719 2672 791 2721; x_wconf 88' lang='lat' dir='ltr'>quum</span> <span class='ocrx_word' id='word_1_204' title='bbox 808 2656 945 2728; x_wconf 84' lang='lat' dir='ltr'>aRegibus</span> 
     </span>
     <span class='ocr_line' id='line_1_31' title="bbox 253 2727 945 2793; baseline 0.007 -15"><span class='ocrx_word' id='word_1_205' title='bbox 253 2729 355 2793; x_wconf 81' lang='lat' dir='ltr'>Marciis</span> <span class='ocrx_word' id='word_1_206' title='bbox 370 2729 429 2780; x_wconf 88' lang='lat' dir='ltr'>loris</span> <span class='ocrx_word' id='word_1_207' title='bbox 449 2728 564 2780; x_wconf 67' lang='lat' dir='ltr'>caedatur.</span> <span class='ocrx_word' id='word_1_208' title='bbox 582 2727 639 2777; x_wconf 88' lang='lat' dir='ltr'>Hoc</span> <span class='ocrx_word' id='word_1_209' title='bbox 654 2728 720 2787; x_wconf 85' lang='lat' dir='ltr'>etit,</span> <span class='ocrx_word' id='word_1_210' title='bbox 739 2727 793 2779; x_wconf 83' lang='lat' dir='ltr'>lam</span> <span class='ocrx_word' id='word_1_211' title='bbox 811 2733 945 2784; x_wconf 80' lang='lat' dir='ltr'>domuitio-</span> 
     </span>
     <span class='ocr_line' id='line_1_32' title="bbox 238 2801 945 2872; baseline 0.001 -16"><span class='ocrx_word' id='word_1_212' title='bbox 238 2822 304 2867; x_wconf 75' lang='lat' dir='ltr'>‚nem</span> <span class='ocrx_word' id='word_1_213' title='bbox 321 2819 394 2872; x_wconf 83' lang='lat' dir='ltr'>reges.</span> <span class='ocrx_word' id='word_1_214' title='bbox 411 2803 440 2852; x_wconf 96' lang='lat' dir='ltr'>ln</span> <span class='ocrx_word' id='word_1_215' title='bbox 458 2804 535 2853; x_wconf 89' lang='lat' dir='ltr'>altero</span> <span class='ocrx_word' id='word_1_216' title='bbox 550 2803 608 2851; x_wconf 91' lang='lat' dir='ltr'>loco</span> <span class='ocrx_word' id='word_1_217' title='bbox 626 2801 742 2868; x_wconf 86' lang='lat' dir='ltr'>AEsopum</span> <span class='ocrx_word' id='word_1_218' title='bbox 760 2802 786 2853; x_wconf 79' lang='lat' dir='ltr'>dt</span> <span class='ocrx_word' id='word_1_219' title='bbox 806 2803 945 2857; x_wconf 87' lang='lat' dir='ltr'>Cimbrium</span> 
     </span>
     <span class='ocr_line' id='line_1_33' title="bbox 252 2874 944 2943; baseline 0 -13"><span class='ocrx_word' id='word_1_220' title='bbox 252 2878 382 2930; x_wconf 84' lang='lat' dir='ltr'>subornare</span> <span class='ocrx_word' id='word_1_221' title='bbox 399 2876 565 2943; x_wconf 85' lang='lat' dir='ltr'>Iphigeniam„</span> <span class='ocrx_word' id='word_1_222' title='bbox 583 2874 787 2942; x_wconf 77' lang='lat' dir='ltr'>Agamemnonem</span> <span class='ocrx_word' id='word_1_223' title='bbox 807 2877 834 2929; x_wconf 89' lang='lat'>&amp;</span> <span class='ocrx_word' id='word_1_224' title='bbox 854 2878 944 2931; x_wconf 91' lang='lat' dir='ltr'>Mene·</span> 
     </span>
     <span class='ocr_line' id='line_1_34' title="bbox 253 2949 942 3015; baseline 0 -11"><span class='ocrx_word' id='word_1_225' title='bbox 253 2954 325 3006; x_wconf 82' lang='lat' dir='ltr'>laum.</span> <span class='ocrx_word' id='word_1_226' title='bbox 340 2951 396 3001; x_wconf 88' lang='lat' dir='ltr'>Hoc</span> <span class='ocrx_word' id='word_1_227' title='bbox 414 2951 481 3009; x_wconf 88' lang='lat' dir='ltr'>erit,</span> <span class='ocrx_word' id='word_1_228' title='bbox 501 2949 593 2998; x_wconf 80' lang='lat' dir='ltr'>Atride</span> <span class='ocrx_word' id='word_1_229' title='bbox 608 2963 706 3015; x_wconf 83' lang='lat' dir='ltr'>parant.</span> <span class='ocrx_word' id='word_1_230' title='bbox 723 2949 780 2999; x_wconf 91' lang='lat' dir='ltr'>Hoc</span> <span class='ocrx_word' id='word_1_231' title='bbox 795 2952 875 3002; x_wconf 90' lang='lat' dir='ltr'>modo</span> <span class='ocrx_word' id='word_1_232' title='bbox 894 2971 942 3004; x_wconf 91' lang='lat' dir='ltr'>om·</span> 
     </span>
    </p>
   </div>
   <div class='ocr_carea' id='block_1_3' title="bbox 248 3021 943 3096">
    <p class='ocr_par' dir='ltr' id='par_1_4' title="bbox 248 3021 943 3096">
     <span class='ocr_line' id='line_1_35' title="bbox 248 3021 943 3096; baseline -0.014 -16"><span class='ocrx_word' id='word_1_233' title='bbox 248 3027 290 3085; x_wconf 77' lang='lat' dir='ltr'>oia</span> <span class='ocrx_word' id='word_1_234' title='bbox 301 3027 377 3080; x_wconf 78' lang='lat' dir='ltr'>uerba</span> <span class='ocrx_word' id='word_1_235' title='bbox 389 3036 462 3083; x_wconf 68' lang='lat' dir='ltr'>‚erunt</span> <span class='ocrx_word' id='word_1_236' title='bbox 476 3021 591 3096; x_wconf 84' lang='lat' dir='ltr'>expressa.</span> <span class='ocrx_word' id='word_1_237' title='bbox 605 3023 654 3076; x_wconf 87' lang='lat' dir='ltr'>Sed</span> <span class='ocrx_word' id='word_1_238' title='bbox 667 3024 718 3079; x_wconf 80' lang='lat' dir='ltr'>haee</span> <span class='ocrx_word' id='word_1_239' title='bbox 732 3023 866 3095; x_wconf 76' lang='lat' dir='ltr'>imaginum</span> <span class='ocrx_word' id='word_1_240' title='bbox 885 3045 943 3083; x_wconf 68' lang='lat' dir='ltr'>con.</span> 
     </span>
    </p>
   </div>
   <div class='ocr_carea' id='block_1_4' title="bbox 0 0 1204 4067">
    <p class='ocr_par' dir='ltr' id='par_1_5' title="bbox 0 0 1204 4067">
     <span class='ocr_line' id='line_1_36' title="bbox 0 0 1204 4067; baseline 0 4"><span class='ocrx_word' id='word_1_241' title='bbox 0 0 1204 4067; x_wconf 95' lang='lat' dir='ltr'> </span> 
     </span>
    </p>
   </div>
  </div>
 </body>
</html>
