2400 4067
1895 255 1909 262 .-
2024 255 2065 263 ..-

286 255 2076 437 —

313 469 323 477 “
988 462 992 468 .
1496 461 1507 467 -

928 523 943 533 ο

658 659 1452 736 Τιςτικοπιᾼ.
1628 659 1746 758 xiii

373 779 841 864 typographicos
859 826 879 856 ,
896 783 1004 862 qui
1038 778 1501 861 imprudentibus
1519 778 1760 857 excide·

373 865 535 936 rint'‚
573 861 903 922 emendare.

469 941 537 1002 In
582 944 893 1023 partitione
947 939 1308 1022 singulorum
1369 959 1614 1020 operum
1666 939 1762 998 alii

384 1021 793 1084 Gruterianam
814 1068 835 1097 ‚
868 1020 1236 1082 Nizolianam
1275 1020 1368 1079 alii
1409 1021 1762 1079 divisionem

382 1103 712 1184 sequuntur.
766 1103 1098 1183 Utramque
1137 1100 1430 1161 exhibebit
1465 1100 1586 1159 haec
1626 1100 1765 1159 edi-

381 1186 508 1258 tio,
538 1185 655 1265 qub
689 1186 762 1244 sit
795 1184 869 1244 ad
909 1203 981 1242 ea
1017 1183 1147 1242 loca
1169 1221 1195 1256 5
1213 1202 1339 1262 quae
1370 1180 1765 1241 diversimode

378 1265 684 1326 &diversis
702 1263 1076 1345 scriptoribus
1095 1265 1342 1323 citantur
1357 1307 1378 1336 ‚
1418 1261 1767 1344 reperienda

382 1345 913 1406 accommodatior.
942 1342 1018 1404 Et
1043 1342 1455 1405 Gruter-ianam
1480 1342 1719 1426 quidem
1737 1387 1765 1417 ,

380 1427 703 1486 intervallis
747 1425 1110 1506 longioribus
1141 1423 1465 1485 distinciam
1484 1469 1506 1498 ,
1540 1423 1767 1484 Roma-

389 1509 482 1566 nis
503 1550 523 1579 ‚
556 1505 922 1566 Nizolianam
939 1505 1204 1566 Arabicis
1221 1507 1473 1570 numeris
1494 1503 1770 1586 designa-

388 1588 618 1657 vimus3
651 1587 731 1643 ita
746 1601 944 1644 tamen
960 1629 979 1655 ‚
1008 1601 1072 1643 ut
1088 1605 1266 1664 quum
1288 1588 1515 1644 numeri
1533 1604 1774 1645 concur-

394 1680 532 1726 runt
553 1709 571 1738 ,
595 1663 747 1724 solus
765 1680 1019 1745 ponatur
1038 1661 1434 1724 Gruterianus.

517 1960 624 2033 M.
675 1939 1109 2032 Saurea
1158 1976 1643 2033 RHETOR.

798 2098 1029 2179 Praefat.
1077 2101 1336 2176 Controv.
1752 2139 1761 2146 -

418 2231 431 2249 “
472 2219 790 2302 Quidquid
807 2218 1080 2280 Romana
1097 2219 1366 2284 facundia
1379 2223 1557 2286 habet
1576 2269 1596 2300 ‚
1614 2221 1778 2306 quod

397 2301 673 2363 insolenti
715 2299 958 2362 Graeciae
989 2317 1085 2361 aut
1110 2324 1147 2363 o
1192 2321 1414 2386 ponat,
1451 2323 1548 2366 aut
1568 2305 1780 2387 praefe-

402 2400 494 2443 rat
509 2427 529 2455 ,
549 2385 701 2442 circa
716 2379 1070 2442 Ciceronem
1087 2403 1119 2443 e
1183 2389 1356 2447 oruit.
1371 2389 1452 2446 Et
1456 2388 1636 2470 paulo
1642 2390 1779 2468 post.

401 2461 642 2525 Omnes
670 2478 865 2522 autem
900 2466 1096 2542 magni
1128 2465 1189 2523 in
1223 2467 1555 2546 eloquentia
1582 2469 1780 2526 nomi-

402 2544 529 2615 nis,
551 2556 800 2620 excepto
823 2538 1117 2600 Cicerone
1136 2584 1156 2612 ‚
1170 2544 1381 2602 videor
1395 2543 1627 2603 audisse.
1648 2544 1783 2605 Nec

404 2620 765 2683 Ciceronem
806 2619 1043 2702 quidem
1092 2635 1228 2680 aetas
1272 2622 1414 2681 mihi
1450 2623 1737 2702 eripuerat
1760 2645 1780 2684 ι

395 2702 506 2764 sed
529 2703 820 2763 bellorum
844 2700 1099 2761 civilium
1126 2699 1288 2763 furor
1309 2748 1329 2778 ,
1364 2706 1462 2784 qui
1499 2719 1638 2762 tunc
1676 2720 1784 2766 to·
1858 2708 1865 2716 '

400 2801 529 2844 tum
563 2784 771 2851 orbem
805 2782 1231 2864 pervagabatur
1251 2829 1271 2858 ‚
1304 2785 1451 2844 intra
1486 2785 1783 2847 coloniam

404 2884 603 2925 meam
637 2865 1055 2925 mecontinuit.
1092 2861 1374 2946 Alioquin
1391 2868 1450 2925 in
1471 2865 1572 2925 illo
1599 2869 1783 2928 attin*-

397 2945 510 3019 lo,
555 2948 616 3005 in
658 2966 778 3027 quo
814 2945 960 3004 duos
1040 2945 1246 3006 randes
1287 2962 1659 3026 praetextatos
1703 2952 1783 3008 ait

400 3023 600 3086 secum
622 3026 948 3088 declamare
1010 3025 1183 3085 olitos
1207 3071 1225 3099 ,
1259 3029 1423 3107 potui
1456 3027 1597 3088 illud
1619 3032 1787 3108 inge-

405 3107 569 3165 nium
590 3148 610 3177 ‚
645 3106 804 3186 quod
837 3105 1020 3165 solum
1054 3107 1303 3187 populus
1340 3107 1639 3171 Romanus
1675 3128 1783 3192 pat

400 3186 656 3269 imperio
679 3185 779 3248 suo
815 3186 1015 3249 habuit
1038 3231 1061 3264 ‚
1092 3186 1473 3272 cognoscere,
