2400 4067
328 911 389 964 An
417 892 686 965 Hnnrrrtrurr
712 894 751 964 L
776 895 842 964 IV.
891 903 946 991 93*

202 1017 405 1106 perveniunt
421 1017 451 1065 ad
470 1014 565 1066 confme
582 1031 658 1082 genus
675 1012 728 1078 ejus
746 1014 859 1080 generis,
879 1011 945 1079 quod

202 1120 205 1159 ;
254 1092 406 1154 appellamus
422 1090 553 1146 tludiuans,
566 1089 592 1138 ὃ(
606 1086 761 1144 dissolutum,
776 1086 807 1135 ed
818 1084 912 1152 qudd'
894 1103 947 1141 stne

202 1166 204 1178 '
256 1163 359 1223 nervis,
376 1165 402 1214 δι
416 1164 522 1214 articulis
536 1161 634 1212 fluduat
649 1162 696 1210 huc
714 1161 740 1210 ὃ(
755 1159 813 1208 illuc
823 1193 831 1218 ,
843 1174 888 1209 nec
900 1175 949 1225 po·

256 1235 305 1286 test
323 1235 480 1296 confirmate,
493 1252 573 1302 neque
586 1235 689 1284 viriliter
706 1232 755 1284 sese
773 1233 899 1298 expedire.
920 1230 949 1283 ld

257 1308 294 1358 est
309 1308 469 1376 hujusmodi:
489 1309 558 1359 Socii
576 1307 648 1370 nostri
663 1325 729 1373 quum
746 1305 887 1372 belligerare
904 1322 951 1359 no·

257 1378 346 1449 discum
365 1383 476 1441 vellent,
496 1380 604 1451 profecid
623 1379 763 1431 ratiocinati
784 1376 856 1446 efferat
875 1378 947 1428 etiam

258 1470 330 1522 atqua
350 1457 439 1516 etiam,
462 1457 518 1525 quid
530 1452 624 1524 pofferrt
641 1453 741 1520 fhcere,
758 1470 780 1503 st
774 1452 884 1519 'quidem
901 1447 949 1517 sud

250 1527 342 1597 sponte
352 1529 463 1596 fhcererrt
474 1565 481 1590 ,
496 1530 519 1580 δ’
530 1547 578 1579 non
590 1528 702 1579 haberem
710 1527 746 1576 tic
757 1526 875 1592 atil'utores
885 1524 948 1573 mul·

258 1616 298 1650 ²⁰⁵
308 1637 318 1658 ,ι
336 1602 359 1652 6·
380 1604 456 1655 malos
470 1604 591 1662 homines,
614 1601 761 1653 &audacie
783 1599 870 1650 Solent
883 1598 948 1658 enirn

259 1675 301 1722 diu
324 1675 428 1743 cogitare
450 1695 553 1733 omnes,
575 1675 615 1743 qui
636 1681 720 1743 magna
745 1673 840 1742 negotia
861 1672 947 1723 volunt

259 1764 338 1813 agere.
352 1749 409 1796 Non
425 1751 504 1814 potest
517 1748 652 1811 huiusmodi
667 1749 744 1797 sermo
761 1759 847 1795 tenere
865 1758 950 1795 atten-

259 1831 314 1868 tum
330 1821 486 1871 auditorem:
502 1821 586 1869 diffluit
597 1821 666 1869 enim
680 1831 763 1876 totus,
778 1835 858 1884 neque
877 1818 950 1884 quid·

261 1909 334 1957 quarn
352 1893 561 1958 comprehendens
577 1891 690 1958 perfestis
700 1890 779 1940 verbis
789 1889 949 1960 amplediitur.

261 1965 315 2028 Qui
326 1982 377 2015 non
393 1965 488 2032 poffunt
496 1967 523 2015 in
537 1966 576 2015 iila
586 1963 734 2014 facetissima
746 1964 876 2014 verborum
887 1976 949 2017 atte·

258 2039 378 2088 nuatione
396 2038 524 2090 commod'e
541 2038 648 2098 versari,
664 2037 766 2088 veniunt
777 2037 807 2086 ad
820 2037 911 2088 aridum
922 2038 949 2093 dt

257 2112 384 2179 exsangue
403 2130 480 2181 genus
496 2112 633 2171 orationis,
647 2110 713 2177 quod
729 2126 780 2160 non
796 2111 902 2160 alienum
916 2110 950 2162 est

259 2186 325 2234 exile
339 2187 457 2236 nominari
470 2220 478 2245 ,
489 2185 624 2253 cujusmodi
637 2185 670 2234 est
686 2183 752 2235 hoc:
765 2183 830 2233 Nam
842 2183 950 2246 rsttc
906 2203 914 2233 1

260 2259 294 2306 ad
303 2257 400 2309 balneas
414 2258 526 2327 acccffit5
539 2261 572 2308 ad
587 2259 646 2308 Ιιιιιιι
659 2257 742 2325 polita
757 2256 832 2314 dicit,
846 2257 884 2307 tie
895 2274 949 2308 ιιιιιι

256 2327 384 2399 fervusmc
397 2329 512 2401 pulsavit.
530 2332 626 2417 Ιίι]ὶιιιΙ
633 2332 692 2381 dicit
706 2331 744 2380 iric
764 2330 823 2387 ilii,
839 2332 950 2382 conside·

261 2404 330 2454 rabo.
342 2404 399 2469 Post
410 2407 441 2455 itt
442 2424 453 2455 e
463 2407 516 2456 huic
533 2406 664 2456 convicium
675 2402 756 2470 fecit,
773 2403 797 2453 G·
813 2406 885 2474 magis
895 2424 951 2455 ma·

259 2475 340 2546 gifque
359 2476 511 2547 presentibus
528 2479 608 2528 multis
628 2477 748 2528 clamavit.
773 2478 884 2529 Frivolus
908 2479 948 2530 hic

260 2552 360 2617 quidem
378 2551 443 2618 jam,
464 2551 626 2604 &illiberalis
646 2551 678 2601 est
695 2551 782 2607 sermo.
803 2552 861 2602 Non
882 2553 948 2603 enim

262 2624 365 2689 adeptus
379 2625 414 2674 est
427 2625 468 2682 id,
486 2626 550 2690 quod
559 2626 634 2673 habet
643 2635 768 2674 attenuata
778 2623 853 2692 figura
865 2658 872 2684 ,
882 2627 951 2693 puris

262 2697 344 2745 verbis
358 2697 383 2746 dt
394 2697 476 2745 cledis
488 2698 644 2760 compositam
656 2698 800 2745 orationem.
812 2698 893 2748 Omne
904 2716 951 2766 ge-

263 2786 309 2818 nus
323 2769 459 2826 orationis,
478 2769 504 2817 &
521 2784 614 2833 grave,
635 2767 660 2816 ὅ(
678 2767 821 2826 mediocre,
844 2771 870 2820 ὃ(
884 2784 952 2820 atte-

264 2854 380 2900 nuatum,
398 2842 515 2908 dignitate
529 2837 637 2889 afficiunt
649 2840 822 2888 exornationes
835 2873 842 2898 ,
861 2841 891 2891 de
901 2843 952 2907 qui·

264 2918 309 2964 bus
320 2914 372 2981 post
386 2917 531 2979 loquemur:
545 2931 597 2978 quae
610 2915 630 2961 si
645 2930 704 2961 rarae
716 2912 871 2978 disponentur
883 2949 889 2973 ,
902 2916 953 2965 dis·

263 2989 377 3045 tineam,
397 2988 469 3037 sicuti
483 2987 607 3036 coloribus
616 3004 627 3043 .;
643 2987 665 3035 -si
682 2987 772 3036 ctebtae
792 2989 951 3038 collocabun-

263 3074 322 3120 tur,
341 3063 439 3111 oblitam
459 3060 563 3110 reddunt
580 3059 724 3108 orationem.
747 3060 795 3108 Sed
808 3060 907 3126 figuram
925 3065 951 3114 in

264 3135 369 3185 dicendo
393 3134 535 3185 commutari
559 3145 676 3198 oportet,
697 3146 723 3181 ut
738 3150 834 3200 gravem
854 3137 950 3187 medio-

264 3209 331 3266 cris,
351 3209 497 3258 mediocrem
507 3207 613 3272 excipiat
622 3220 754 3255 attenuata,
771 3209 868 3257 Deinde
882 3212 950 3259 iden·

263 3282 340 3332 tidem
363 3293 559 3341 commutentur,
580 3293 608 3331 ut
628 3279 698 3330 facile
719 3280 813 3331 satietas
832 3285 951 3336 varietate

261 3366 366 3406 vttetut.

269 3484 272 3489 ,
298 3427 364 3479 XII.
385 3426 526 3494 Quoniam,
544 3429 629 3498 quibus
643 3429 667 3480 in
690 3430 819 3498 generibus
840 3430 953 3482 elocutio
