2400 4067
254 341 329 410 206
378 344 451 410 Dr
478 343 818 410 Irrrruriorvn
853 384 856 391 -

251 471 353 518 nerent
375 475 495 536 :neque
515 458 593 516 enim
613 457 688 535 ipsi,
704 452 788 534 quod
809 451 942 529 oberret,

250 529 370 595 scribere
381 537 520 596 volebant
531 559 540 610 3
555 537 587 597 &
597 581 607 610 ,
616 540 640 594 si
649 532 839 614 scripsitient,
854 555 942 615 quum

251 610 321 673 effet
333 615 528 692 intelletum,
542 616 722 697 repudiatum
733 615 768 673 iri
781 613 887 697 legem
899 618 941 676 in-

252 692 427 777 telligebant.
442 695 540 758 Nemo
553 701 632 759 enim
647 695 724 778 leges
737 695 845 776 legum
858 696 941 759 causi

251 771 344 841 salvas
362 773 417 837 effe
434 779 520 852 vult,
537 775 588 838 sed
605 776 788 857 reipublicae,
846 777 890 837 bd
907 797 942 843 ex

251 853 363 995 lppdrus
379 879 481 919 omnes
494 857 702 939 rempublicam
714 857 776 937 opti
842 874 943 938 putant

253 957 272 995 a
293 935 448 998 ministrari.
474 938 577 1019 ,Quam
604 938 643 997 ob
669 958 733 999 rem
752 937 840 1075 {gitur
865 938 942 1021 leger

253 1013 359 1077 servari
381 1032 520 1099 oportet,
544 1019 582 1079 ad
608 1039 674 1079 eam
699 1038 814 1079 cauam
840 1015 943 1100 scripte

254 1101 353 1161 omnia
361 1101 536 1180 interpretari
544 1102 682 1160 convenit
697 1119 704 1159 :
719 1099 776 1159 hoc
785 1095 851 1175 ¹est,
864 1120 942 1181 quoe

254 1178 333 1238 uiam
354 1181 516 1260 reipublicae
537 1178 699 1252 servimus,
718 1199 759 1259 ert
776 1180 941 1260 reipublicae

255 1262 415 1321 commodo
434 1279 517 1342 atque
534 1263 653 1320 utilitate
672 1260 751 1341 leges
769 1261 942 1341 interprete-

256 1360 330 1401 mur.
354 1338 432 1402 Nam
453 1360 485 1401 ut
506 1363 543 1402 ex
565 1341 706 1406 medicina
730 1340 802 1402 nihil
824 1359 943 1422 oportet

256 1438 357 1501 putare
379 1421 546 1505 proficisci,
570 1426 624 1483 nisi
645 1421 725 1502 quod
750 1420 788 1481 ad
813 1425 942 1503 corporis

256 1502 408 1564 utilitatem
425 1502 552 1586 spedet,
567 1505 704 1584 quoniam
718 1498 785 1580 ejus
803 1504 891 1563 causi
904 1498 943 1562 est

256 1581 381 1645 instituta
396 1607 406 1659 3
424 1589 463 1645 sic
483 1607 500 1644 a
518 1584 626 1666 legibus
643 1581 711 1642 nihil
731 1586 874 1645 convenit
896 1605 943 1642 ar-

257 1661 377 1738 bitrari,
400 1668 454 1724 nisi
478 1669 559 1745 quod
585 1662 746 1743 reipublicae
773 1664 944 1735 conducat,

258 1742 417 1824 proficisci,
433 1748 572 1826 quoniam
589 1742 651 1824 ejus
670 1744 753 1803 causa
773 1741 838 1803 sunt
856 1766 943 1804 com-

259 1842 374 1907 paratae.
789 1878 813 1898 ,.

300 1906 348 1986 69.
363 1904 441 1989 Ergo
457 1908 487 1965 in
502 1906 559 1965 boc
572 1925 692 1986 quoque
708 1901 817 1986 judicio
838 1902 947 1964 desini·

259 2000 288 2045 te
307 1988 412 2048 litteras
430 1988 500 2068 legis
519 1986 684 2067 perscrutari
700 2006 709 2061 3
729 1985 762 2044 &
781 1984 880 2067 legem
890 2028 902 2057 ‚
917 2001 947 2043 ut

258 2087 374 2148 ,aequum
391 2066 451 2140 est,
471 2089 506 2128 ex
526 2069 645 2127 utilitate
662 2065 824 2146 reipublicae
844 2069 946 2125 consi-

261 2144 368 2210 derate.
388 2148 471 2229 Quid
494 2152 572 2208 enim
595 2150 684 2229 magis
708 2146 776 2205 utile
795 2144 946 2205 Thebanis

259 2226 332 2306 fuit,
350 2230 437 2312 qudm
458 2228 693 2290 Lacedae'monios
711 2249 752 2308 op
774 2226 869 2287 rimi?
890 2225 947 2287 Cui

258 2314 302 2377 ¹rei
329 2316 417 2394 magis
443 2309 676 2390 Epaminondam
699 2353 709 2382 ‚
736 2313 740 2322 '
766 2307 948 2368 hebanorum

260 2391 484 2471 imperatorem,
498 2391 585 2470 quim
597 2391 724 2450 vitioriae
734 2387 947 2449 Thebanorum

263 2470 410 2534 consulere
431 2470 523 2530 decuit
544 2471 554 2530 ἓ
574 2471 657 2550 Quid
676 2470 749 2529 hunc
766 2468 847 2531 tanti
864 2468 948 2528 The-

259 2548 405 2617 banorum
419 2551 531 2633 glorii,
547 2568 607 2610 tam
624 2551 701 2610 claro
721 2567 804 2630 atque
822 2571 951 2611 exorna-

262 2647 294 2691 to
314 2649 424 2712 tropaeo
443 2633 551 2703 carim,
573 2648 658 2710 arque
679 2633 819 2711 antiquius
840 2630 950 2691 habere

263 2715 401 2773 convenit
419 2711 430 2770 ?
448 2710 560 2791 Scripto
578 2711 712 2772 videlicet
731 2713 799 2793 legis
818 2709 924 2771 omiffo
940 2756 953 2784 ‚

262 2792 404 2875 scriptoris
424 2791 592 2852 sententiam
612 2792 792 2852 considerare
812 2792 953 2852 debebat.

263 2877 362 2959 Atque
381 2877 436 2937 hoc
450 2873 567 2955 quidem
584 2871 646 2935 sutis
662 2873 875 2934 consideratum
890 2870 955 2951 est,
