2400 4067
755 705 919 776 AD
995 704 1656 784 LECTOREM.
1782 697 1881 797 vii

591 818 709 884 Sed
733 841 911 883 nemo
936 818 1147 899 majori
1169 819 1285 881 fide
1305 865 1324 892 ,
1363 819 1694 902 diligentia,
1721 816 1882 900 judi-

508 903 602 964 cio
633 905 692 963 in
721 903 1092 965 emendando
1129 899 1423 963 Cicerone
1463 900 1714 962 versatus
1742 899 1825 961 est
1856 946 1883 974 ,

505 983 681 1066 quam
704 983 906 1046 Petrus
927 983 1257 1057 ViElorius‚
1288 983 1384 1064 qui
1414 981 1638 1042 collatis
1671 982 1885 1064 magna

506 1064 645 1125 curii
676 1065 832 1126 libris
907 1085 1044 1124 uum
1073 1064 1241 1124 editis
1276 1109 1296 1139 ‚
1337 1081 1464 1122 tum
1498 1061 1730 1123 ineditis
1754 1108 1772 1136 ,
1811 1083 1881 1122 ac

485 1144 820 1227 ·praesertim
915 1146 1213 1207 lorentinis
1238 1144 1538 1206 codicibus
1557 1189 1577 1219 ‚
1628 1140 1885 1204 Cicero-

504 1247 645 1287 nem
673 1226 861 1309 prima
875 1230 1007 1288 vice
1025 1227 1217 1288 emisit
1236 1225 1503 1303 Veneriis
1523 1242 1676 1286 anno
1705 1242 1884 1307 1537.

503 1328 681 1386 quam
707 1309 1026 1370 editionem
1055 1329 1195 1369 mox
1224 1305 1444 1367 Parisiis
1469 1309 1528 1366 in
1557 1307 1749 1376 multis
1783 1326 1886 1365 ex-

505 1392 717 1469 pressit
750 1387 1042 1450 Robertus
1064 1388 1410 1469 Stephanus,
1452 1386 1673 1447 Eadem
1698 1386 1885 1447 editio

503 1471 668 1550 typis
706 1469 987 1550 descripta
1018 1469 1101 1530 est
1149 1469 1304 1551 apud
1340 1467 1688 1529 Basileenses
1726 1488 1885 1527 anno
1964 1531 1971 1538 ,

517 1567 542 1606 1
559 1568 690 1629 540.
708 1571 841 1610 cum
862 1548 1323 1631 castigationibus
1344 1549 1375 1610 J
1378 1548 1628 1608 oachimi
1660 1546 1886 1607 Came-

510 1631 640 1688 rarii
660 1649 676 1701 3
698 1652 765 1690 ac
784 1629 1022 1689 demum
1041 1629 1353 1689 Florentiae
1373 1673 1391 1701 ,
1419 1630 1589 1687 novis
1608 1627 1886 1688 adornata

508 1707 738 1769 scholiis
760 1714 791 1782 ‚'
812 1709 1028 1791 prodiit
1058 1729 1212 1769 anno
1248 1727 1419 1788 1571.
1442 1707 1564 1767 Uni
1582 1706 1847 1767 viclorio
1863 1754 1887 1781 ,

507 1791 694 1870 inquit
724 1789 1024 1863 GraeviuS,
1059 1791 1187 1871 plus
1217 1787 1430 1850 Cicero
1460 1788 1675 1861 debet,
1708 1789 1886 1870 quam

506 1871 739 1951 reliquis
791 1872 1058 1931 omnibus
1080 1916 1100 1946 ‚
1139 1873 1237 1953 qui
1283 1873 1341 1932 in
1378 1890 1453 1932 eo
1489 1869 1887 1952 perpoliendo

508 1949 757 2012 studium
788 1951 1120 2033 posuerunt.

590 2030 795 2093 Paulus
836 2030 1049 2093 deinde
1080 2032 1377 2093 Manutius
1407 2049 1529 2093 tum
1553 2029 1786 2109 junior,
1814 2053 1885 2092 ac

501 2113 698 2194 primo
739 2114 975 2194 quidem
1020 2112 1287 2174 Viciorio
1323 2113 1685 2195 subiniquus,
1723 2112 1886 2194 quod

503 2195 603 2255 ille
621 2194 760 2254 Aldi
783 2198 955 2276 patris
973 2240 991 2269 ‚
1018 2211 1159 2254 tunc
1179 2196 1271 2266 ‚ob
1294 2196 1581 2255 editiones
1608 2194 1889 2255 emenda-

505 2292 595 2335 tas
622 2276 974 2356 percelebris
993 2321 1013 2348 ,
1040 2275 1303 2335 laudibus
1331 2275 1625 2336 obstruere
1651 2275 1890 2337 videre-

504 2372 601 2415 tur
621 2401 640 2428 ,
663 2355 760 2416 sed
786 2378 925 2418 mox
951 2357 1029 2417 de
1051 2358 1260 2417 eximia
1284 2359 1394 2420 viri
1416 2357 1675 2416 doarina
1698 2352 1759 2417 &
1783 2357 1889 2418 hu-

504 2438 779 2498 manitate
806 2437 1009 2498 melius
1036 2436 1325 2510 sennem,
1348 2439 1618 2498 eamdem
1640 2459 1884 2518 operam

507 2513 787 2576 Ciceroni
827 2538 1041 2578 navare
1082 2522 1301 2596 coepit,
1337 2520 1457 2578 aliis
1504 2517 1732 2598 adjutus
1781 2541 1886 2579 co-

508 2596 769 2668 dicibus,
811 2618 880 2657 ac
924 2600 1293 2678 potissimum
1323 2598 1589 2658 VenetiS.
1627 2598 1886 2660 Incredi-

503 2677 625 2739 bile
645 2676 760 2752 est,
797 2681 980 2759 inquit
1020 2678 1285 2738 Muretus
1306 2724 1324 2752 ,
1346 2694 1490 2759 quot
1522 2679 1594 2738 ab
1621 2699 1884 2743 errorum

503 2758 754 2820 millibus
782 2759 962 2821 libros
998 2757 1304 2820 Ciceronis
1339 2759 1639 2822 vindicarit
1678 2760 1886 2822 Manu-

504 2840 639 2899 tius.
692 2838 966 2901 Praeclara
1011 2838 1316 2901 Ciceronis
1355 2841 1538 2902 editio
1574 2840 1887 2902 Manutio-

505 2940 636 2981 rum
649 2964 668 2993 ,
693 2936 1044 3001 procurante
1060 2920 1223 2983 Aldo
1244 2938 1463 3001 nepote
1479 2967 1498 2996 ‚
1519 2922 1735 3001 prodiit
1756 2924 1886 2984 Ve-

505 3002 676 3061 neriis
703 3023 860 3064 anno
900 3001 1075 3085 1583.
1103 3000 1315 3069 decem
1464 3001 1748 3076 ι·,ε·“ηἰ]]ι]5
1788 3010 1884 3072 in..-

509 3079 678 3141 folio.

595 3158 770 3221 Haud
793 3162 988 3225 mustis
1011 3165 1174 3225 annis
1211 3198 1223 3228 μ
1267 3182 1270 3183 ’
1299 3174 1307 3214 ἵ

507 3236 1288 3339 Dionysius
1331 3281 1335 3294 ·

1696 3166 1880 3242 &cepit

1714 3262 1748 3302 e
1759 3242 1884 3302 vlltiffi
