2400 4067
462 502 768 572 Ouaron.
882 525 957 600 5&

314 631 383 674 200.
400 614 435 675 Id
448 632 547 676 autern
558 617 638 676 bont
654 616 802 699 disciplini
820 625 959 683 exercita·

269 694 328 770 tls,
347 697 397 776 qui
415 697 448 757 δι
465 697 556 757 multa
573 696 748 778 scripserint,
768 699 800 758 &
817 719 962 781 quaecum-

312 795 329 836 e
349 777 439 836 etiam
466 780 528 838 sine
554 775 660 859 scripto
682 777 836 852 dicerent,
860 781 962 843 similia

282 859 442 937 criptorum
468 855 637 932 effecerint,
667 879 727 918 non
750 860 805 918 erit
826 857 962 921 difficilli-

268 951 364 997 mum.
402 938 582 998 Ante‘enim
603 934 841 999 circumscribitur
860 959 961 1004 mente

269 1015 429 1091 sententia,
446 1017 656 1101 confestimque
666 1020 757 1080 verba
768 1037 960 1097 concurrunt;

292 1119 336 1158 uae
355 1119 439 1158 mens
459 1099 583 1172 eadem,
601 1099 659 1180 qul
676 1101 747 1160 nihil
764 1098 806 1160 est
820 1099 960 1180 celerius,

268 1118 366 1238 derint
384 1179 521 1254 dimittit,
539 1197 571 1239 ut
585 1178 637 1240 suo
655 1181 801 1263 quodque·
812 1180 881 1241 loco
900 1201 961 1242 res·

269 1258 421 1340 p'ondeat:
439 1281 563 1341 quorum
574 1259 730 1342 descriptus
739 1260 815 1322 ordo
829 1261 896 1321 aliis
906 1263 960 1326 ant

269 1342 476 1417 terminatione
487 1340 670 1400 concluditur
681 1361 688 1399 :
704 1357 789 1423 atque
801 1344 899 1401 omnia
910 1343 960 1403 illa

268 1420 655 1502 &prima&mediave'rba
664 1419 791 1501 spectare
802 1420 912 1482 debent
922 1424 960 1483 ad

268 1501 416 1561 ultimum.
551 1550 553 1554 ,

271 1604 274 1611 ·
314 1600 383 1641 201.
397 1580 547 1642 Interdum
556 1582 635 1640 enim
647 1578 741 1642 cursus
751 1579 793 1642 est
807 1583 837 1640 in
848 1583 958 1644 oratio&

266 1683 308 1724 ne
327 1664 491 1736 incitatior,
514 1660 661 1720 interdum
679 1661 829 1722 moderata
844 1663 959 1743 ingres·

265 1746 336 1817 'sio;
364 1759 396 1802 ut
417 1740 477 1821 jam
501 1762 518 1802 n
546 1742 691 1822 principio
712 1741 874 1802 videndum
896 1744 957 1820 sit,

264 1824 518 1905 quemadmodum
532 1822 607 1882 velis
620 1824 721 1882 venire
731 1820 768 1880 ad
782 1837 956 1884 extremum.

267 1903 336 1966 Nec
355 1907 385 1964 in
407 1906 534 1964 numeris
552 1904 662 1984 magis,
687 1901 775 1983 quim
796 1903 825 1961 in
841 1902 958 1983 reliquis

265 1989 446 2049 ornamentis
458 1985 618 2055 orationis,
639 1983 743 2042 eadem
758 2001 848 2062 quum
863 1981 956 2043 facia-

265 2089 351 2141 mus,
365 2088 429 2148 quae
445 2068 559 2146 poitae,
574 2060 725 2142 effingimus
735 2078 836 2120 tamen
846 2064 875 2118 in
889 2082 959 2122 ora·

262 2151 350 2210 tione
361 2146 505 2225 poematis
517 2141 743 2201 similitudinem.
774 2136 823 2198 Est
833 2142 914 2198 enim
925 2145 956 2202 in

263 2245 391 2309 utroque
412 2225 445 2285 &
459 2223 599 2293 materia,
618 2221 650 2279 &
665 2219 815 2277 tradatio:
835 2222 956 2282 materia

262 2313 295 2374 in
308 2308 425 2379 verbis,
442 2303 573 2363 tradatio
587 2303 617 2358 in
631 2300 830 2358 collocatione
841 2298 956 2358 verbo-

263 2405 341 2453 ¹rum.
370 2387 479 2448 Ternae
496 2398 594 2442 autem
611 2379 674 2438 sunt
692 2377 838 2457 utriusque
858 2395 956 2457 partes

261 2474 424 2539 verborum
442 2487 452 2539 ;
478 2462 667 2534 transsatum,
701 2477 841 2530 novum,
878 2459 956 2538 prisi

263 2554 334 2619 ‘cum
352 2574 360 2612 :
386 2569 454 2611 nam
472 2545 510 2606 de
529 2543 652 2627 propriis
667 2539 737 2599 nihil
750 2537 808 2598 hoc
821 2537 891 2598 loco
903 2539 952 2615 di-

258 2638 363 2703 timus.
871 2648 876 2669 -’

304 2716 369 2779 LX.
385 2705 599 2773 Collocationis
616 2716 731 2772 autem,
752 2717 813 2769 eae,
825 2701 952 2778 quasdi·

258 2804 377 2867 ximus,
400 2789 596 2869 compositio,
618 2781 816 2849 concinnitas,
843 2799 950 2842 nurne-

257 2898 323 2942 rus·
345 2872 436 2934 sedin
452 2883 575 2946 utroque
590 2860 803 2940 frequentiores
816 2854 898 2933 sunt,
915 2862 948 2922 δι

256 2922 410 3023 liberiores
423 2950 529 3032 poetar.
556 2941 635 3002 Nam
650 2940 682 2998 &
695 2936 870 3021 transferunt
879 2961 950 3000 ver·

253 3046 295 3110 ba
309 3054 399 3120 quum
413 3027 558 3101 crebrius,
577 3039 640 3084 turn
650 3015 898 3158 etiarn-aud'zs'ciirs3
912 3023 945 3086 δι

296 3125 398 3188 Tomos
417 3117 444 3177 1.
