2400 4067
316 448 390 520 228
451 442 524 519 ΠΕ
551 448 882 522 Iurrurrour

315 565 372 626 hoc
392 588 510 649 quoque
529 588 638 650 genere
657 567 790 627 omnibus
806 566 916 628 eisdem
935 585 1014 627 mov

316 645 360 706 dis
378 652 419 707 uti
438 648 545 709 licebit.
567 647 735 709 Commune
754 665 852 708 autem
867 666 1009 729 praecep·

315 742 378 787 tum
395 729 452 789 boc
469 730 552 789 datur
567 731 606 790 ad
623 730 899 801 enumerationem,
919 746 952 788 ut
968 746 1010 787 err

315 828 486 891 unaquaque
501 812 773 893 argumentatione,
787 811 927 890 quoniam
940 824 1009 869 tota

315 890 422 951 iterum
439 891 496 950 diei
509 912 570 951 non
587 889 703 973 potest,
717 890 749 949 id
793 893 885 972 igatut
898 936 908 965 ,
922 889 1007 971 quod

317 972 370 1031 erit
385 974 605 1053 gravissimum,
622 972 654 1032 &
670 993 781 1053 unumq
802 970 899 1051 odque
916 970 1007 1051 quam

239 1099 241 1102 ,
314 1050 486 1116 brevissime
503 1052 662 1113 transeatur
674 1073 686 1125 ;=
704 1070 738 1112 ut
754 1054 897 1113 memoria
910 1096 925 1125 ,
941 1072 1006 1112 non

315 1135 410 1193 oratio
428 1152 570 1194 renovata
585 1134 733 1196 videatur..
999 1163 1002 1167 Δ

357 1212 434 1274 LIII.
456 1213 621 1296 Indignatio
641 1212 682 1274 esl
701 1215 821 1284 oratio,
843 1233 1007 1294 perquam

315 1291 493 1368 conficit-ur,
517 1313 549 1355 ut
568 1299 598 1355 in
619 1295 749 1377 aliquem
766 1295 917 1354 hominem
938 1316 1004 1353 ma-

315 1394 406 1457 gnum
420 1378 523 1447 odium
538 1421 553 1450 ,
567 1392 616 1437 aut
635 1380 664 1436 in
682 1397 745 1436 rem
762 1378 856 1457 gravis
875 1372 1002 1436 offensio

315 1458 489 1518 concitetur.
515 1456 550 1517 In
570 1457 629 1518 hoc
651 1477 758 1539 genere
783 1456 853 1516 illud
876 1458 1005 1537 primum

313 1536 436 1620 intelligi
453 1540 609 1612 volumus,
628 1536 709 1619 posse
723 1538 859 1597 omnibus
876 1558 912 1597 ex
930 1536 1004 1597 locis

313 1618 369 1692 iis,
386 1641 461 1700 quos
481 1623 511 1681 in
527 1618 718 1679 confirmandi
735 1620 885 1699 praeceptis
903 1617 1006 1700 posui-

313 1718 402 1773 mus,
420 1700 538 1761 trauari.
552 1700 793 1782 indignationem.
816 1698 894 1759 Nam
915 1720 952 1760 ex
969 1702 1012 1759 iis.

313 1781 426 1855 rebus,
468 1804 509 1841 uae
529 1780 681 1862 personis,
702 1798 788 1861 atque
809 1780 936 1861 negotiis
956 1796 1005 1839 at·

313 1861 428 1921 tributae
447 1803 536 1934 sunt,
559 1864 668 1943 quaevis
685 1859 946 1942 amplificationes,
969 1861 1003 1921 &

313 1940 528 2025 indignationes
557 1941 632 2002 nasci
648 1939 773 2084 possunt
796 1962 803 2000 τ
825 1940 875 2001 sed
900 1954 1009 2002 tamen}

313 2040 348 2080 ea
362 2067 372 2095 ,
386 2027 459 2103 'quar
476 2022 635 2104 separatim
703 2023 906 2105 indignatione
920 2044 1003 2104 prae-

312 2102 369 2183 cipi
383 2102 521 2183 possunt,
538 2104 772 2165 consideremus..

356 2202 421 2244 101.
445 2184 555 2245 Primus
575 2185 656 2244 locus
677 2183 795 2244 sumitur
815 2184 851 2243 ab
873 2182 1002 2244 austori-

311 2278 394 2336 tate,
409 2287 500 2347 quum·
516 2287 802 2339 commemoramus,
817 2282 932 2345 quantae
947 2287 1002 2324 cu·

310 2365 354 2403 rae
372 2367 418 2407 res
445 2368 481 2408 ea
505 2346 590 2409 fuerit
613 2348 665 2407 diis
691 2345 926 2419 immortalibus,
953 2364 1002 2406 aut

311 2428 372 2499 eis,
393 2449 517 2508 quorum
536 2428 688 2488 ausloritas
706 2431 871 2509 gravissima
891 2427 1004 2487 debeat.

277 2571 280 2577 ,
310 2504 367 2566 effe
388 2528 395 2565 τ
418 2511 467 2588 qui
488 2507 570 2568 lotus
590 2509 717 2569 sumetur
737 2530 773 2569 ex
792 2507 937 2581 sortibus,
962 2528 999 2568 ex

311 2587 460 2661 oraculis,
489 2592 630 2662 vatibus,
655 2588 798 2662 ostentis,
826 2588 966 2671 prodigiis
987 2635 1001 2660 ,

307 2666 473 2747 responsis,
497 2671 635 2735 similibus
656 2670 741 2732 nebus
758 2691 766 2742 ;
783 2672 861 2731 item
875 2690 917 2730 ex.
931 2690 1001 2730 ma·

303 2744 417 2826 joribus
433 2748 555 2824 nostris,
572 2750 704 2832 tegibus,
723 2750 911 2823 civitatibus,
922 2771 1000 2831 gen·

308 2828 405 2903 tibus,
428 2832 592 2891 hominibus
611 2830 848 2911 sapientissimis,
871 2829 997 2907 senatu,

307 2911 440 2991 populo,
457 2914 554 2993 legum
570 2910 764 2991 scriptoribus.
785 2912 936 2973 Secundus
952 2912 999 2973 lo-

308 3010 357 3058 tus
374 2990 435 3068 est,
452 3012 630 3077 perquem,
651 2993 698 3054 illa
717 3014 762 3058 res
780 2993 817 3055 ad
835 3014 908 3078 quos
924 3014 1006 3078 pers

182 3239 271 3460 'Q
