2400 4067
248 364 330 456 468
443 360 755 436 OaAroia.

246 479 353 554 ¹secus,
378 479 466 575 quini
484 503 501 540 a
520 483 635 562 po'e'tis,
660 481 723 541 haec
748 480 943 564 eloquentia,
1053 490 1068 525 ²

245 581 342 641 quam
374 582 551 642 quaeamus,
579 560 743 627 sevocanda
771 561 839 632 est:
871 584 938 623 nam

253 644 343 703 etiam
376 645 449 702 oo'tae
503 641 653 702 aestionem
662 643 840 716 attulerunt,
856 644 938 726 quid·

253 742 324 782 nam
371 722 458 783 etillu
490 767 500 796 ,
516 744 576 804 quo
589 725 645 804 ipsi
663 720 938 785 diffenentabora-

253 802 385 863 toribus:
407 823 530 864 numero
550 804 871 865 maximi-videbantur
887 808 938 865 aii·

201 944 204 952 ,
253 899 323 958 tea,
337 882 479 946 &versuz
494 906 571 945 nunc
582 885 660 966 apud
669 902 803 946 oratores
811 883 938 970 ‹jamipse
1004 914 1007 923 ·
1062 894 1068 927 1‘

254 985 391 1026 numerus
403 966 555 1027 increbuit.

296 1045 346 1122 67.
368 1045 521 1128 Quidquid
537 1045 578 1108 est
595 1049 692 1120 enim,
712 1046 798 1130 quod
810 1045 867 1110 -sub
886 1068 941 1107 an·

251 1128 330 1187 tium
339 1125 500 1187 mensuram
510 1128 634 1208 aliquam
646 1127 733 1202 cadit,
750 1129 876 1188 etiamsi
888 1129 939 1188 ab·

254 1204 296 1267 est
311 1227 329 1268 a
342 1206 446 1281 versu,
467 1229 534 1268 nam
547 1209 578 1267 id
601 1208 720 1290 quidem
742 1211 883 1269 orationis
900 1207 939 1270 est

253 1289 369 1364 vitium,
380 1309 515 1349 numerus
525 1305 661 1361 vocatur,
673 1290 723 1370 qui
732 1288 839 1350 Graeci
851 1291 941 1371 ξρσμὸς

254 1366 368 1429 dicitur.
393 1368 497 1452 Itaque
505 1370 595 1431 video
608 1369 705 1431 visum
713 1367 938 1441 ellenonnullis,
1016 1432 1020 1441 ,

253 1446 404 1524 Platonis,
426 1451 458 1510 δι
476 1448 643 1513 Democriti
661 1449 864 1523 locutionem,
888 1465 939 1508 etsi

254 1528 330 1591 absit
349 1530 483 1606 averfu,
501 1548 625 1607 tamen,
686 1531 726 1591 od
738 1532 884 1592 incitatilis
894 1527 939 1589 fe·

155 1613 157 1616 ’
253 1627 356 1686 nnat,
375 1613 408 1674 &
427 1614 587 1673 clarissimis
606 1633 660 1674 ver
682 1630 768 1672 orum
787 1609 939 1672 luminibus

252 1706 370 1766 utatur,
398 1696 497 1773 potiiis
518 1698 627 1775 po'e‘ma
646 1692 830 1774 putandum,
854 1688 942 1773 quim·
1019 1704 1022 1765 j

254 1773 442 1832 comicorum.
458 1777 637 1853 po'e‘taanm3
663 1773 741 1855 apud
802 1793 861 1843 os,
888 1771 942 1830 nisi

254 1851 336 1931 qubd
351 1854 487 1913 versiculi
502 1854 584 1929 sunt,
608 1854 677 1914 nihil
692 1852 733 1915 est
777 1853 829 1912 iud
845 1852 941 1934 quoti·

256 1932 334 1992 diani
347 1932 482 1993 dissimile
496 1933 645 1995 sermonis.
664 1933 727 1995 Nec
741 1951 842 1995 tamen
858 1933 890 1992 id
902 1929 960 1992 est·

253 2016 352 2094 poitae
372 2018 550 2088 maximum3
571 2019 629 2077 etsi·
641 2013 682 2075 est
699 2016 737 2075 eb
754 2013 942 2086 laudabilior,

253 2094 335 2174 qubd
347 2096 468 2156 virtutes
490 2098 612 2157 oratoris
629 2094 830 2178 persequitut,
852 2113 942 2177 quum

254 2173 339 2236 versu
357 2179 393 2237 sit
407 2176 574 2239 adnnffior..
740 2224 743 2228 ·
820 2182 824 2187 “

254 2298 257 2303 -
295 2255 345 2317 68.
373 2256 439 2400 Ego
458 2276 575 2334 autem,
599 2260 687 2319 etiam
708 2255 940 2339 sitquommdam
1021 2242 1024 2263 ¹

254 2337 373 2418 grandis
421 2382 423 2385 -
443 2358 543 2401 ornata
556 2361 619 2402 vox
636 2338 677 2401 est
692 2343 872 2420 pomarum,
896 2353 940 2396 ta·

255 2435 325 2477 men
339 2421 368 2478 in
382 2438 416 2479 ea
433 2441 521 2502 quum
535 2422 680 2482 licentiam
690 2418 784 2479 statuo
797 2415 941 2498 majorem
1022 2440 1025 2461 ¹

205 2505 207 2509 ’
256 2495 333 2572 effe,
349 2520 438 2579 quam
450 2504 480 2560 in
490 2503 574 2562 nobis
585 2500 806 2574 faciendam,
820 2497 943 2580 jungen-

255 2577 424 2660 donimq'ue
435 2583 615 2656 verborum,
634 2599 696 2642 tum
711 2582 803 2641 etiam
814 2578 945 2639 nonnul·

205 2677 207 2680 ’
256 2658 354 2721 lorum
366 2661 514 2724 voluntati
525 2663 647 2724 vocibus
664 2663 776 2744 magis,
797 2659 889 2742 quim
899 2677 946 2718 re·

256 2740 313 2803 bus
320 2740 485 2804 insoniunt.
503 2744 572 2805 -Nec
582 2744 675 2814 iero,
689 2739 945 2823 siquidestunuin

259 2821 335 2883 inter
348 2843 400 2885 eos
420 2826 511 2886 simile
532 2825 575 2908 (id
596 2828 694 2884 aulem
718 2819 759 2881 est
779 2819 947 2901 judiciuin,

255 2903 424 2988 -deffioque
435 2904 606 2988 verborum)
618 2919 952 2985 proptenea.ceterarum
