2400 4067
246 525 322 625 318
377 526 449 594 Dr
476 525 817 593 Inururroua·

246 622 285 708 ne
306 642 465 725 discrepare
487 639 606 724 quidem
625 637 779 700 videantur
799 640 876 701 inter
895 640 938 702 se.

245 724 398 787 Postremo
420 723 538 796 facere,
562 722 585 779 si
606 718 687 780 causa
709 720 791 781 dabit
810 719 937 783 faculta-

246 824 336 882 tem,
360 822 391 865 ut
408 802 503 865 nostrai
520 804 631 864 ratione
651 819 714 862 utra
755 822 771 864 e
789 801 840 863 lex
861 825 941 865 con-

247 888 354 950 servari
380 887 513 947 videatur
536 906 546 959 ;
575 883 608 943 &
630 883 720 945 adver
733 884 863 944 ariorum
889 908 937 946 ra·

247 973 353 1043 tione,
382 967 472 1028 altera
499 969 535 1025 sit
563 962 719 1025 neceffarib
749 964 938 1049 negligenda.

249 1050 348 1111 Locos
374 1067 471 1109 autem
494 1067 692 1119 communes,
724 1046 755 1105 &
777 1067 852 1127 quos
879 1048 938 1130 ipsa

249 1131 331 1191 causa
348 1131 420 1203 det,
441 1128 542 1189 videre
561 1127 734 1207 oportebit,
754 1126 787 1187 &
806 1149 845 1189 ex
861 1129 937 1189 utili-

248 1213 362 1273 tatis&
379 1207 534 1270 honestatis
553 1208 734 1288 amplissimis
752 1210 881 1288 partibus
896 1208 937 1269 su·

248 1314 357 1367 mere,
384 1288 630 1353 demonstrantem
656 1310 709 1371 per
732 1288 938 1372 amplificatio-

249 1396 348 1449 nem,
374 1372 412 1434 ad
436 1389 528 1433 utram
553 1372 649 1453 potius
675 1371 775 1454 legem
797 1372 940 1438 accedere

250 1471 399 1538 oporteat.

292 1537 327 1598 L.
354 1535 397 1596 Ex
422 1535 642 1594 ratiocinatione
667 1531 791 1594 nascitur
816 1550 938 1596 contro·

251 1622 371 1689 versia,
392 1638 481 1698 quum
502 1636 538 1675 ex
558 1636 621 1688 eo,
642 1615 722 1696 quod
743 1614 856 1677 usiam
873 1615 938 1692 est,

250 1700 288 1760 ad
303 1700 333 1759 id
348 1697 429 1780 quod
446 1694 501 1756 nus
517 1718 582 1755 uam
597 1694 733 1777 scriptum
749 1638 794 1756 eti
803 1743 812 1772 ,
852 1716 939 1758 erve-

251 1784 356 1853 nitur‚
383 1780 440 1837 hoc
462 1800 500 1858 pa
529 1799 547 1836 o
564 1797 571 1834 ε
589 1776 651 1836 Lex
673 1775 737 1848 est,
765 1780 798 1838 Si
812 1719 940 1859 AEriosus

252 1864 310 1942 est,
328 1860 457 1941 agnarum
474 1858 668 1939 gentiliumque
686 1860 714 1917 iu
733 1880 764 1915 eo
774 1895 786 1930 5
803 1863 940 1939 pecunia·

252 1964 302 2022 que
320 1938 378 1999 e'us
389 1939 506 2020 potestas
518 1939 577 2019 esto.
594 1935 631 1996 Et
647 1938 714 1998 lex:
730 1938 941 2019 Paterfiarrilr'ac

253 2024 295 2084 uri
307 1963 392 2101 Aper
402 2018 518 2099 fhrru'lia
537 2020 707 2099 pecuniaque
723 2019 779 2099 sua
802 2022 939 2104 legassit,

253 2106 294 2163 ita
305 2100 355 2183 jus
372 2104 431 2183 esto.
450 2099 487 2159 Et
504 2099 550 2159 lex
567 2122 573 2158 ε
589 2101 622 2159 Si
636 2098 842 2181 paterfamilias
858 2106 942 2164 intes·

253 2184 311 2245 raro
325 2186 458 2253 moritur,
466 2180 583 2261 familia
593 2184 763 2264 pecuniaque
780 2180 841 2264 ejus
854 2207 940 2267 agna-

252 2267 308 2329 tum
322 2265 513 2346 gentiliumque
530 2266 589 2345 esto.

301 2365 366 2423 ¹49·
396 2345 526 2424 Quidam
551 2342 692 2424 judicatus
719 2341 759 2402 est
786 2364 941 2424 parentem

253 2425 391 2489 occidiffe
409 2447 416 2484 :
435 2429 462 2485 ei
477 2424 592 2497 statim,
614 2424 694 2506 quod
711 2421 869 2507 effirgiendi
885 2450 942 2510 po-

254 2507 341 2570 testas
355 2528 415 2567 non
434 2505 507 2579 fuit,
525 2506 627 2587 ligneae
644 2504 727 2565 soleae
745 2507 775 2564 in
789 2506 883 2586 pedes
899 2510 944 2569 in·

256 2588 347 2649 ductae
361 2586 423 2646 sunt
438 2607 445 2644 :
462 2607 496 2646 os
514 2606 612 2646 aurem
629 2586 805 2646 obvolutum
823 2586 864 2649 est
882 2588 942 2651 fol-

255 2669 342 2731 liculo
356 2668 418 2742 5&
437 2669 636 2749 praeligatum:
653 2666 759 2728 deinde
776 2666 818 2728 est
832 2672 862 2728 in
881 2693 944 2732 car·

256 2769 355 2810 cerem
384 2748 544 2823 deductus,
568 2766 598 2808 ut
624 2749 664 2810 ihi
687 2746 755 2809 effer
779 2749 946 2833 tantisper,

256 2832 328 2892 dum
347 2829 469 2904 culeus,
490 2832 519 2889 in
541 2851 629 2911 quem
650 2827 798 2909 conje&us
817 2832 848 2892 in
872 2855 944 2916 pro·

257 2914 397 2974 fluentem
420 2911 612 2985 deferretur,
638 2928 867 2992 compararetur.
895 2914 945 2977 ln·

257 3010 338 3054 terea
357 2994 473 3077 quidam
493 2991 554 3073 ejus
571 2992 723 3053 familiares
740 2994 770 3052 in
793 3014 947 3061 carcerem

258 3075 370 3137 tabulas
386 3074 530 3151 afferunt,
550 3075 583 3139 &
596 3073 682 3140 testes
701 3073 876 3141 adducunt:
891 3078 947 3144 he·
