2400 4067
262 503 336 595 164
385 503 459 573 Dr
484 506 813 575 Invrnrrour

257 620 379 683 constat.
391 620 435 682 Ex
447 643 482 683 ea
496 623 582 705 igitur
597 620 718 682 nascitur
730 623 948 700 controversia,

298 724 344 762 am
366 702 553 785 quaestionem
574 701 716 780 dicimus,
742 704 802 763 hoc
824 705 945 766 modo:

255 723 363 844 fflrene
381 783 493 845 fecerit.
514 783 602 843 Ratio
620 782 662 844 est
684 804 739 858 ea,
758 806 824 866 quae
844 789 946 846 conti-

201 938 204 943 ἡ
257 881 309 924 net
325 864 437 925 causam
455 911 465 938 ,
484 886 548 946 quae
565 867 589 924 si
606 863 715 925 sublata
737 867 799 939 sir,
820 867 895 926 nihil
916 870 946 927 in

256 944 338 1005 causa
356 948 563 1007 controversiae
577 945 776 1026 relinquetur,
795 946 856 1007 hoc
875 968 947 1008 mo-

256 1025 313 1099 do,
324 1042 374 1100 ut,
385 1027 511 1087 docendi
522 1027 607 1086 caus&
618 1029 665 1099 ,in
674 1025 767 1099 facili,
779 1027 813 1087 &
847 1029 948 1090 ervul·

255 1123 325 1190 gato
351 1107 489 1189 exemplo
513 1105 726 1167 consistamus:
749 1047 897 1182 ΟτεΧεε,
921 1111 946 1170 si

254 1187 402 1248 accusetur
417 1187 590 1259 matricidii,
606 1189 659 1247 nisi
677 1188 735 1247 hoc
755 1188 852 1262 dicat,
873 1189 944 1251 Jure

215 1322 219 1332 ,
253 1266 312 1328 feci
330 1290 340 1342 ;
358 1268 406 1328 illa
422 1272 499 1329 enim
518 1284 631 1348 patrem
650 1289 749 1329 meum
769 1269 942 1330 occiderat:

254 1369 316 1408 non
340 1349 429 1424 habet
453 1348 656 1409 defensionem
687 1370 694 1407 :
744 1350 780 1408 ui
804 1349 918 1410 sublata
931 1396 942 1424 ,

255 1430 350 1520 omniu
362 1451 480 1513 quoque
492 1431 693 1490 controversia
705 1428 734 1488 su
756 1430 814 1490 lata
827 1433 875 1491 sit.
890 1429 944 1491 Er-

254 1531 295 1594 go
317 1530 379 1590 ejus
397 1511 485 1572 causae
506 1513 580 1571 ratio
602 1508 662 1583 est,
686 1511 766 1591 quud
787 1512 837 1571 illa
854 1510 944 1594 Agn->

253 1612 445 1654 memnonem
463 1592 614 1654 occiderit.
635 1591 777 1651 Judicario
795 1590 856 1666 est,
876 1614 943 1675 quae

254 1687 290 1733 ex
313 1672 507 1735 infirmatione
527 1674 558 1732 &
578 1668 799 1732 confirmatione
819 1676 942 1735 rationis

253 1752 376 1814 nascitur
397 1755 608 1814 controversia.
633 1752 710 1812 Nam
734 1755 769 1812 sir
795 1772 831 1814 ea
852 1754 941 1814 nobis

252 1837 386 1914 exposita
402 1838 497 1907 ratio,
515 1855 600 1915 quam
616 1834 703 1914 paulb
720 1833 786 1893 ante
802 1835 942 1916 exposui·

252 1936 326 1974 mus.
343 1914 395 1975 Illa
408 1919 504 1989 enim,
520 1917 632 1994 inquit,
648 1932 761 1995 patrem
778 1917 940 1977 occiderat.

252 1996 294 2057 Ar
313 2020 373 2059 non
391 2045 401 2072 ‚
418 1999 510 2082 inquit
532 1994 732 2080 adversarius,
751 1997 801 2056 abs
825 2014 856 2058 re
876 1996 939 2059 filio

251 2096 375 2140 matrem
389 2075 486 2140 n’ecari
502 2080 652 2160 oportuit:
668 2081 764 2160 potuit
782 2080 861 2141 enim
875 2081 939 2143 sine

251 2175 303 2220 tuo
320 2159 427 2223 scelere
446 2162 519 2221 illius
536 2159 643 2220 faucum
659 2162 764 2240 puniri.
911 2234 914 2238 ι

291 2241 387 2302 XIV.
412 2241 454 2301 Ex
472 2243 525 2303 hac
550 2240 726 2301 dedufflone
745 2240 866 2300 rationis
887 2240 937 2304 illa

248 2321 358 2383 summa
375 2323 497 2384 nascitur
515 2326 735 2394 controversia,
754 2342 842 2402 quam
860 2318 941 2400 judi·

249 2406 397 2466 tationem
416 2407 605 2486 appellamus.
629 2403 671 2464 Ea
689 2402 729 2464 est
749 2400 943 2480 hujusmodin

250 2484 412 2546 Recrumne
432 2486 517 2546 fuerit
535 2486 570 2544 ab
591 2483 697 2545 Oreste
715 2501 838 2543 matrem
854 2486 939 2543 occi-

250 2565 301 2635 di,
324 2587 412 2646 quum
433 2567 481 2626 illa
503 2564 616 2626 Orestis
639 2583 752 2646 patrem
776 2561 937 2626 occidiss‘et.

228 2700 230 2704 .
249 2644 496 2720 Firmamentum,
515 2645 556 2706 est
572 2644 734 2705 firmissima
751 2662 940 2727 argumenta·

248 2728 291 2787 tio
311 2725 487 2799 defensoris,
510 2727 542 2784 ὃ(
560 2728 707 2806 aptissima
725 2727 762 2786 ad
779 2724 939 2804 judicario-

248 2827 318 2867 nem
336 2828 343 2864 ε
361 2823 392 2866 ut
408 2809 432 2866 si
446 2806 517 2867 velit
535 2805 656 2869 Orestes
675 2807 792 2881 dicere,
811 2804 941 2886 ejusmo-

251 2887 280 2946 di
307 2890 434 2947 animum
459 2891 556 2947 matris
580 2886 636 2946 suae
663 2887 742 2949 fuiffe
766 2892 796 2947 in
819 2905 937 2969 patrem

249 2967 329 3029 suum
341 3016 350 3044 ‚
364 2968 431 3029 inse
441 2971 550 3050 ipsum,
566 2969 594 3027 in
604 2968 735 3044 sorores,
749 2973 777 3028 in
792 2990 936 3050 regnum,

249 3051 279 3111 in
302 3050 408 3114 famam
430 3052 544 3138 generis
568 3050 602 3112 ὃ(
623 3050 762 3128 familiae,
784 3067 815 3111 ut
839 3052 876 3112 ab
902 3071 960 3120 en¹
