2400 4067
272 568 280 586 ,
339 494 413 564 208
464 497 537 564 Dr
562 498 895 569 rurrurroua

253 642 255 647 ·
337 609 407 668 dum
430 634 504 673 nunc
524 612 606 673 istum
627 616 785 694 patiamur,
806 633 894 693 quum
917 608 1028 693 praesto.

336 689 384 751 lex
394 695 445 765 sit,
458 715 518 753 non
532 716 569 755 ex
580 715 637 767 eo,
650 694 729 776 quod
743 692 919 775 apertissime
932 691 1027 773 scrip-7

335 785 399 829 tum
413 772 472 847 est,
487 774 535 835 sed
550 796 586 835 ex
605 796 664 849 eo,
678 774 757 855 quod
772 772 827 833 suae
842 771 931 832 causae
945 793 1021 831 con·

337 854 444 927 venit,
466 854 607 936 scriptoris
628 855 808 914 voluntatem
828 855 1019 934 interpretari.

337 931 430 1010 Quod
448 939 470 993 si
486 957 562 1010 vos,
581 935 718 1010 ludices,
736 934 844 1018 legibus
859 934 962 993 obtem
984 954 1019 993 e-

336 1032 398 1071 rare
421 1014 554 1089 debetis,
576 1016 658 1077 &id
680 1016 774 1076 facere
796 1036 856 1074 non
873 1030 947 1153 pote
974 1017 1019 1089 ἐ,

336 1093 389 1152 nisi
407 1095 486 1175 quod
506 1096 640 1176 scriptum
657 1096 744 1157 estin
766 1096 854 1177 leget,
886 1097 1020 1175 equami-¹

335 1174 386 1244 ni,
403 1176 471 1254 quid
485 1175 572 1236 causae
587 1176 648 1250 est,
666 1179 734 1258 quin
750 1174 833 1235 istum
853 1192 954 1236 contra
971 1175 1019 1236 le-

336 1272 404 1334 gem
417 1254 512 1317 feciffe
524 1255 674 1337 judicetis?

379 1354 428 1411 7¹·
450 1335 657 1419 Affumptionis
687 1333 792 1398 autem'
810 1336 1020 1419 approbatione

336 1417 501 1495 praeterita,
519 1419 720 1501 quadripartita
735 1422 773 1478 sic
792 1417 842 1479 fiet
862 1437 1020 1557 argumen-

337 1499 407 1556 tatio
426 1518 433 1556 :
453 1498 515 1579 Qui
530 1498 726 1582 sepenumero
740 1521 794 1558 nos
829 1520 859 1558 er
873 1498 893 1557 fi
915 1518 964 1558 em
978 1496 1023 1558 fe-

338 1573 472 1639 fellerunt
495 1626 505 1655 ,
526 1602 628 1642 eorum
651 1581 775 1641 orationi
800 1522 892 1639 ddem
913 1578 1022 1640 habere

339 1677 401 1717 non
419 1660 568 1721 debemus.
588 1661 618 1722 si
633 1661 701 1742 quid
718 1664 796 1720 enim
813 1658 933 1741 persidii
952 1659 1024 1718 illo-

334 1759 404 1797 rum
423 1740 586 1802 detrimenti
600 1744 815 1822 acceperimus,
833 1760 922 1799 nemo
946 1742 1024 1812 erit,

339 1836 442 1898 praeter
462 1820 672 1901 nosmetipsos,
695 1839 782 1900 quem
803 1818 867 1898 jure
891 1819 1024 1880 accusare

340 1904 492 1979 possimus.
505 1901 551 1962 Ac
564 1902 658 1982 primo
673 1900 789 1980 quidem
803 1898 896 1978 decipi
908 1901 1024 1959 incom-

341 1981 465 2041 modum
476 1980 517 2042 est
532 2003 539 2040 :
556 1984 677 2053 iterum,
690 1978 804 2039 stultum
823 2000 829 2036 :
844 1980 952 2052 tertio,
966 1996 1026 2039 tut·

311 2125 313 2128 ,
342 2081 389 2140 pe.
397 2059 642 2145 Carthaginienses
655 2078 750 2121 autem
759 2057 884 2141 petsaepe
896 2056 957 2133 iam
970 2080 1026 2120 nos

342 2139 514 2202 fefellerum.
538 2141 657 2203 Summa
681 2144 764 2224 igitur
787 2143 911 2199 amentia
934 2138 976 2205 est
995 2144 1025 2200 in

344 2240 445 2281 eorum
464 2222 522 2283 fide
542 2222 623 2304 spem
640 2223 770 2295 habere,
789 2241 913 2302 quorum
934 2220 1026 2302 perfi-

345 2301 391 2363 dit
405 2305 492 2364 toties
505 2304 640 2384 deceptus
656 2307 702 2362 sis.

334 2423 337 2429 -
385 2403 435 2459 72.
457 2384 587 2466 Utrique
619 2383 826 2465 approbatione
854 2383 1027 2462 prateritd,
1060 2410 1064 2419 ·

345 2466 482 2545 tripartita
498 2464 549 2538 fit,
567 2464 729 2545 hocpaiio
753 2485 761 2523 :
786 2462 845 2522 Aut
865 2478 1027 2524 metuamus

346 2543 591 2626 Carthaginienses
609 2561 745 2625 opo-rtet,
763 2546 785 2600 si
797 2544 958 2603 incolumes
975 2565 1029 2603 eos

345 2627 542 2706 reliquerimus
559 2647 567 2698 3
587 2644 746 2685 aureorum
759 2622 861 2683 urbem
874 2623 1030 2684 diruamus.

347 2703 394 2764 Ac
415 2716 543 2766 metuere
562 2707 678 2787 quidem
701 2725 761 2763 non
784 2719 910 2785 oportet.
930 2702 1032 2765 Restat

347 2788 451 2869 igitur,
466 2806 498 2846 ut
515 2787 616 2846 urbem
634 2785 785 2845 diruamus.

335 2921 338 2926 .
390 2866 458 2928 XL.
480 2868 551 2928 Sunt
572 2881 667 2925 autem
690 2866 738 2945 qui
760 2866 860 2945 'putant
878 2865 1033 2927 nonnumr

349 2968 436 3027 quam
452 2946 530 3030 poffe
550 2946 753 3027 complexione
774 2947 806 3005 ὃ(
824 2964 962 3026 oportere
987 2945 1034 3005 su-

342 3029 511 3108 persederi,
531 3048 619 3109 quum
636 3026 668 3089 td
683 3025 861 3112 perspicuum
879 3029 913 3093 sit
925 3071 940 3100 ,,
954 3027 1042 3108 quod
