2400 4067
326 472 409 606 430
519 505 820 577 Taurea·

324 640 404 697 tem,
431 622 464 682 &
485 621 659 703 probatam,
683 637 714 679 ut
735 619 881 691 Catonis,
914 617 1004 698 Laeliij
1055 642 1058 669 ²

325 703 484 785 Scipionis,
497 702 677 782 aliorumque
688 701 831 781 plurium,
846 716 947 762 rentur
959 721 1003 763 eos

325 781 399 857 effe,
417 783 514 864 quales
530 781 560 842 se
573 785 627 862 ipsi
638 782 737 841 velint.
763 781 830 841 Nec
844 780 942 842 solum
960 803 1003 844 eos
1055 790 1058 831 t

325 863 442 926 censent
449 863 520 923 tales
531 859 604 935 effe,
615 864 664 942 qui
676 864 705 919 in
716 861 878 922 honoribus
891 864 1000 944 populi,
1055 908 1058 913 .

324 961 411 1026 atque
427 947 458 1003 in
472 943 618 1023 republica
630 940 795 1017 versantur,
812 940 866 1002 sed
886 946 920 1002 &
942 966 1002 1004 ota-
1055 948 1058 977 ²

323 1042 422 1098 tores,
438 1026 470 1084 &
479 1020 685 1105 philosophos,
698 1023 731 1081 &
744 1027 868 1102 poetas,
882 1025 915 1084 &
925 1023 1003 1085 histo·

322 1107 425 1166 ticos:
457 1125 493 1164 ex
517 1124 641 1184 quorum
663 1103 695 1162 &
717 1102 819 1176 diuis,
845 1105 879 1165 &
901 1103 1000 1186 scriptia

321 1183 556 1265 saepeaucioritas
567 1186 670 1264 petitur
680 1181 718 1241 ad
727 1182 896 1245 faciendam
905 1184 999 1247 fidem.

337 1295 340 1298 ·
360 1263 447 1324 XXI.
469 1263 613 1346 Expositis
631 1263 767 1323 omnibus
783 1266 999 1347 argumentandi

321 1343 410 1420 locis,
424 1345 495 1404 illud
505 1347 629 1425 primum
639 1343 862 1425 intelligendum
871 1344 932 1420 est,
952 1365 999 1408 net
1067 1343 1068 1411 ἶ

321 1425 411 1486 ullam
423 1425 478 1486 effe
492 1423 729 1506 disputationem,
742 1427 771 1482 in
782 1446 872 1506 quam
886 1447 950 1488 non
959 1427 1000 1487 ali·
1066 1425 1068 1458 1

321 1508 385 1587 quis
396 1508 476 1566 iocus
498 1509 642 1577 incurrat,
662 1523 715 1563 nec
728 1503 790 1564 fere
804 1527 912 1567 omnes
925 1509 997 1568 iocos

321 1588 450 1648 incidere
460 1589 489 1645 in
497 1606 618 1646 omnem
627 1582 832 1667 quaestionem,
844 1587 878 1646 &
890 1589 998 1669 quibus·

322 1666 391 1727 dam
413 1665 612 1750 quaestionibus
631 1664 729 1739 alios,
757 1666 934 1747 quibusdam
951 1666 997 1730 ess'e

320 1746 394 1808 aiios
403 1751 527 1828 aptiores
538 1748 631 1807 locos.
656 1743 862 1824 Quaestionum
873 1749 935 1810 duo
945 1749 997 1808 sunt
1063 1805 1066 1813 .

320 1845 445 1909 genera:
466 1828 587 1887 alterum
607 1823 767 1899 infinitum,
787 1827 915 1889 alterum
933 1827 996 1890 defi·

318 1909 420 1966 niturn.
447 1905 609 1966 Definitum
624 1903 680 1979 est,
693 1906 773 1987 quod
783 1908 908 1970 iniiam
920 1909 995 1972 Gtae·
1054 1923 1058 1929 ‘

319 1989 362 2060 ci,
380 2007 433 2045 nos
447 1987 566 2067 caustum.
597 1984 763 2061 Infinitum,
776 1987 861 2068 quod
874 1989 946 2051 iim
961 1991 995 2050 ilii

317 2067 486 2148 appellant,
512 2088 567 2128 nos
583 2069 754 2148 propositum
776 2066 929 2150 poffumus
946 2090 994 2132 no-
1066 2078 1068 2087 ’

318 2152 437 2209 minare.

327 2251 334 2283 .·
359 2228 408 2289 80.
430 2227 522 2291 Causa
539 2228 622 2287 certis
639 2225 785 2308 personis,
810 2227 904 2303 locis,
925 2245 992 2292 tem·
1067 2232 1068 2237 ’

315 2311 451 2390 poribus,
465 2309 641 2381 actionibus,
656 2309 780 2390 negotiis
790 2312 938 2385 cernitur,
952 2326 990 2370 aut
1067 2310 1068 2316 '

314 2393 345 2450 in
359 2393 510 2463 omnibus,
522 2407 570 2448 aut
585 2391 614 2448 in
628 2387 770 2470 plerisque
782 2408 901 2450 eorum.
925 2390 988 2450 Pro·
1067 2392 1068 2423 ³

314 2474 441 2551 positum
461 2489 576 2540 autem,
595 2472 624 2528 in
642 2468 738 2549 aliquo
757 2489 883 2546 eorum,
902 2473 989 2532 autin
1057 2529 1060 2536 ,

313 2551 460 2631 pluribus,
479 2570 534 2610 nec
556 2567 654 2609 tamen
670 2552 699 2607 in
721 2552 866 2610 maximis.
897 2550 988 2634 Itaque

312 2633 513 2711 propositum,
536 2650 602 2709 pars
624 2628 711 2688 causae
731 2627 782 2689 est.
821 2629 884 2690 Sed
904 2635 989 2692 omnis

353 2709 430 2770 aeffio
441 2729 538 2770 earum
547 2710 641 2790 aliqua
651 2710 686 2769 de
697 2730 728 2770 re
742 2707 801 2783 est,
815 2712 924 2792 quibus
932 2733 990 2772 cau·

312 2730 556 2863 &continentuss
575 2807 623 2849 aut
636 2791 708 2864 uni,
722 2807 771 2849 aut
782 2790 934 2871 pluribus,
949 2809 989 2854 aut

311 2892 529 2953 nonnumquam
542 2873 685 2930 omnibus.

352 2954 401 3013 81.
418 2950 619 3033 Quaestionum
631 2968 746 3023 autent,
761 2971 947 3034 quacumque
959 2953 989 3013 de

311 3053 342 3095 tc
355 3036 430 3110 sint,
446 3034 503 3095 duo
517 3030 579 3093 sunt
591 3052 718 3114 genera:
737 3052 829 3092 unum
842 3037 990 3117 cognitio·
