2400 4067
335 470 413 544 qn
518 447 827 520 ·T0p1cm

378 566 427 626 61.
453 565 521 625 Hoc
541 565 647 645 igitur,
667 563 728 621 sine
747 581 808 642 quo
827 581 889 621 non
907 557 959 634 fit,
981 561 1014 622 al,

331 639 925 804 55„i‡;.uiusii‘2st⁶{¹:izsss:ust
939 640 1016 724 su·

331 864 334 870 '
399 859 500 908 Utinam
512 876 543 911 ue
556 859 582 908 in
593 873 693 908 nemore
705 855 775 907 Pelio
788 856 912 906 securibus

399 933 466 983 Caesa
477 931 599 983 cecidiffet
609 933 711 998 abiegna
721 930 752 979 ad
763 941 854 980 terram
864 927 963 980 trabes!

336 1050 401 1112 Nisi
420 1054 498 1112 enim
517 1047 683 1112 cecidiffent
702 1048 834 1130 abiegnae
853 1047 893 1108 ad
913 1065 1015 1110 terram

331 1133 450 1206 ¹trabes,
468 1132 552 1213 Argo
569 1131 618 1190 issa
630 1129 705 1190 fabia
718 1150 778 1189 non
796 1125 879 1190 effet.
903 1129 1017 1191 Necta-

329 1233 406 1273 .men
424 1211 477 1271 fuit
495 1213 526 1271 in
541 1213 585 1270 his
600 1211 730 1271 trabibus
744 1207 892 1270 efficiendi
903 1213 949 1271 vis
965 1231 1016 1271 ne·

335 1289 461 1354 cessaria.
486 1291 530 1352 At
542 1312 632 1374 quum
647 1294 677 1350 in
695 1287 795 1370 Ajacis
809 1293 911 1351 navim
926 1293 1017 1373 crispi·

329 1373 447 1455 sulcans
457 1376 561 1455 igneum
564 1371 672 1452 fialmcn
682 1368 821 1451 injeRum
836 1369 898 1446 est,
908 1373 1018 1433 inflam-

337 1471 433 1516 matur
445 1456 526 1514 mvis
540 1450 707 1514 neceffarib.

330 1570 332 1577 ·
378 1534 428 1596 62.
444 1533 544 1616 Atque
561 1536 650 1594 etiam
671 1531 714 1593 est
729 1530 877 1594 causarum
895 1532 1016 1594 dissimi-

339 1613 455 1689 litudo,
466 1614 548 1696 qubd
559 1615 622 1675 aliae
634 1612 715 1686 sunt,
725 1631 758 1672 ut
768 1614 831 1674 sine
839 1613 901 1675 ulla
911 1617 1020 1696 appeti·

335 1697 422 1758 ¹tione
440 1697 545 1768 animi,
563 1698 627 1757 sine
639 1695 808 1767 voluntate,
828 1697 893 1756 sine
905 1699 1017 1777 opinio·

328 1796 399 1850 me,
418 1775 500 1836 suum
516 1779 597 1856 quasi
615 1796 688 1856 opus
701 1772 846 1849 efficiant,
869 1777 973 1850 velut,
990 1793 1016 1837 ut

338 1876 429 1917 omne
443 1857 585 1928 intereat,
599 1855 680 1937 quod
696 1873 794 1916 ortum
803 1853 855 1917 est.
883 1857 959 1919 Aliae
973 1879 1017 1917 au·

337 1950 399 1995 tem
412 1952 461 1996 aut
474 1936 627 1998 voluntate
644 1934 792 2007 efficiunt,
808 1954 859 1996 aut
869 1942 1016 2019 perturba·

341 2018 427 2079 tione
438 2019 544 2090 animi,
561 2035 610 2077 aut
631 2017 749 2091 habitu,
769 2034 818 2077 aut
836 2021 960 2085 natura.
978 2038 1016 2079 aut

326 2115 426 2174 ·arte‚
440 2115 488 2158 aut
507 2097 581 2158 casu.
611 2098 798 2171 voluntate,
817 2115 850 2159 ut
863 2116 917 2175 tu,
939 2121 1017 2182 quum

339 2178 416 2240 hunc
431 2178 561 2239 libellum
575 2179 657 2262 legis.
689 2178 932 2254 Perturbatione,
954 2199 982 2240 ut
996 2183 1014 2241 si

364 2263 406 2321 uis
431 2277 571 2322 eventum
590 2261 697 2321 horum
719 2276 780 2318 tem
803 2281 893 2321 orum
916 2265 1017 2322 timeat.

376 2341 470 2415 abitu,
483 2360 515 2401 ut
526 2341 610 2402 facil&
620 2343 651 2401 ὃ(
665 2340 722 2398 ςίῑὸ
732 2281 876 2400 iniiam.
899 2341 1016 2415 Naturi,

340 2438 374 2480 ut
387 2425 490 2483 vitium
509 2423 540 2481 in
559 2422 620 2482 dies
639 2421 754 2481 crescat.
786 2420 883 2496 Arte,
901 2441 935 2484 ut
952 2426 1015 2484 bene

328 2558 331 2564 .
364 2505 453 2583 ingat.
482 2499 581 2574 Casu,
594 2520 627 2561 ut
640 2499 777 2582 prosperi
791 2506 923 2586 naviget.
951 2503 1017 2565 Nihil

340 2524 447 2641 Eorum
468 2584 530 2640 sine
545 2581 648 2655 causa,
676 2602 731 2642 nec
749 2581 912 2664 quidquam
930 2588 1017 2645 omni·

341 2683 400 2733 no,
414 2661 464 2723 sed
477 2659 641 2741 hujusmodi
655 2660 743 2721 causae
753 2683 814 2722 non
826 2663 998 2726 neceffariae.

383 2744 432 2821 63.
455 2740 600 2802 Omnium
621 2759 721 2803 autem
740 2741 888 2804 causarum
916 2750 948 2806 in
969 2747 1019 2806 aliis

341 2821 413 2885 inest
422 2820 591 2897 constantia,
602 2825 631 2882 in
641 2824 701 2882 aliis
710 2843 770 2882 non
777 2823 859 2884 inest.
874 2825 908 2885 In
918 2844 1019 2899 muira,

343 2906 378 2970 &
390 2909 420 2967 in
433 2921 494 2967 arte
504 2893 662 2965 constantia
674 2900 731 2977 est,
742 2906 772 2963 in
783 2909 889 2966 ceteris
899 2909 988 2970 nulla.

380 2985 481 3048 XVII.
495 2983 556 3048 Sed
563 3003 662 3048 tamen
673 2985 931 3061 earumcausariun
938 3037 953 3067 „
963 3008 1020 3073 φη
