2400 4067
246 494 543 562 Rurronrca
570 497 672 564 Lra.
696 498 750 562 II.
801 495 871 564 281

238 605 286 673 82·
307 607 409 668 Postea
430 606 694 681 demonstrabitur,
712 628 771 679 ne,
789 609 812 664 si
830 604 878 686 ju·

194 684 273 745 dicio
289 689 406 767 quidem
419 690 467 749 illa
488 689 622 749 damnata
636 686 724 762 esset,
746 690 775 746 in
792 707 877 767 quam

195 765 227 824 id
252 770 361 827 crimen
389 770 425 829 ab
452 791 503 830 reo
528 768 694 830 conferatur
718 814 728 843 ,
757 765 878 847 potuiss'e

196 847 272 905 hunc
297 848 389 929 ipsum
417 850 453 910 de
480 851 528 909 iiia
558 849 728 931 supplitium
758 846 879 907 sumere.

196 927 299 1005 Quare
320 928 375 989 effe
398 930 570 1013 indignum,
594 949 686 1004 eum,
710 930 757 1011 qui
779 947 815 988 ne
842 926 881 988 de

198 1006 333 1068 damnata
351 1012 469 1091 quidem
483 1032 584 1093 poenas
597 1009 708 1071 sumere
728 1005 882 1091 potuiss‘et,

197 1086 235 1146 de
256 1109 290 1147 ea
307 1089 475 1170 supplicium
492 1090 635 1171 sumpsiIIe
654 1137 663 1165 ,
710 1112 753 1150 uae
770 1111 807 1150 ne
828 1090 881 1148 ad-

198 1167 281 1226 duria
294 1171 411 1250 quidem
427 1175 462 1233 sit
474 1175 503 1233 in
519 1170 666 1254 judicium.
714 1170 800 1232 einde
813 1192 883 1251 pos-

196 1249 321 1322 tulabit,
344 1268 376 1310 ut
390 1253 509 1335 Iegem,
533 1251 588 1334 quai
609 1252 673 1336 lege
691 1252 790 1313 fecerit
809 1272 879 1331 pro·

195 1327 278 1388 ferat.
300 1329 418 1391 Deinde
441 1333 690 1413 quemadmodum
707 1335 738 1392 in
759 1350 879 1412 compa-

196 1413 308 1470 ratione
340 1413 573 1493 praecipiebamus
597 1457 607 1486 ‚
637 1428 669 1470 ut
698 1410 765 1470 illud
799 1413 879 1492 quod

194 1492 436 1571 comparabatur,
452 1508 651 1553 extenuaretur
665 1492 701 1550 ab
716 1490 881 1554 accidatore

194 1571 282 1652 quim
296 1575 420 1632 maxime
436 1593 442 1632 :
460 1575 499 1633 sic
518 1575 547 1634 in
564 1573 621 1632 hoc
635 1592 742 1655 genere
759 1590 882 1652 oporte·

193 1653 238 1711 bit
255 1652 328 1710 iilius
342 1653 478 1734 culpam,
501 1656 531 1713 in
552 1675 640 1734 quem
659 1656 766 1712 crimen
785 1670 883 1712 trans·

193 1732 320 1806 feretur,
340 1755 406 1794 cum
418 1730 500 1814 hujus
520 1732 661 1794 maleficio
679 1779 688 1807 ‚
708 1736 755 1814 qui
775 1733 803 1794 se
815 1731 881 1813 jure

193 1811 289 1873 seciffe
304 1814 401 1888 dicat,
421 1835 598 1897 comparare.
617 1813 718 1874 Postea
740 1814 879 1874 demons-
925 1813 927 1818 ’

193 1893 327 1968 trandum
341 1894 404 1969 est,
420 1904 481 1958 tion
500 1894 556 1956 effe
573 1895 646 1956 illud
665 1893 828 1975 ejusmodi,
846 1914 878 1957 ut

193 1973 233 2034 ob
255 1975 285 2034 id
302 1975 359 2036 hoc
374 1975 435 2038 fieri
453 1979 632 2038 conveniret.
659 1975 794 2037 Extrema
815 1974 876 2052 est,

191 2072 223 2114 ut
240 2059 269 2115 in
288 2060 529 2138 comparatione,
554 2055 704 2138 assumptio
719 2055 876 2136 judicatio·-

187 2138 260 2210 nis,
279 2137 311 2196 &
329 2137 366 2196 de
381 2158 416 2197 ea
429 2159 487 2218 per
500 2137 754 2218 ¹amplificationem
770 2159 807 2200 ex
824 2139 876 2202 de-

189 2216 365 2279 liberationis
375 2220 531 2297 ·praeceptis
547 2219 647 2279 ditiiot

234 2294 378 2354 XXVIII.
396 2292 543 2355 Defensor
555 2314 651 2356 autem
666 2317 728 2375 quae
741 2317 793 2376 per
807 2298 873 2359 alins

191 2374 408 2435 constitutiones
421 2376 608 2447 inducentur,
622 2396 657 2436 ex
671 2377 703 2433 iis
717 2375 788 2434 Iocis
801 2420 810 2449 ,
825 2382 876 2456 qui·

191 2455 287 2514 traditi
300 2453 382 2528 sunt,
398 2453 561 2518 infirmabit.
580 2453 674 2536 Ipsum
687 2472 782 2515 autem
799 2457 873 2518 rela-

190 2537 304 2594 tionem
325 2535 558 2615 -comprobabit,
581 2537 706 2616 primum
737 2538 870 2620 augendo

192 2611 279 2693 ejus,
302 2617 331 2676 i‘n
348 2637 435 2698 quem
450 2615 537 2677 refert
554 2619 686 2690 crimen,
710 2616 824 2697 cuipam
839 2619 870 2678 &

189 2695 361 2771 audaciam,
382 2698 414 2756 &
449 2696 518 2759 uim·
533 2698 657 2758 maxime
674 2717 726 2778 per
742 2697 871 2780 indigna-

187 2779 323 2849 tionem,
338 2780 362 2836 si
374 2798 419 2837 res
430 2719 524 2851 deret,
538 2776 634 2858 juniii
648 2775 875 2858 conquestione,.

186 2874 256 2914 ante
280 2856 382 2915 ocqus
402 2859 553 2939 ponendo.
575 2855 677 2917 Postei
698 2857 790 2915 Ievius
816 2857 871 2915 de-

189 2933 377 2995 monstrando
396 2957 476 2997 reum
491 2942 621 3018 punitum
638 2983 647 3010 ‚
667 2937 751 3018 quim
772 2937 806 2994 sit
820 2935 874 2996 iII'e

189 3019 381 3101 promeritus,
398 3019 429 3079 &
442 3017 521 3078 suum
534 3018 704 3101 supplicium
718 3037 783 3076 cum
797 3016 873 3078 illua.
