2400 4067
241 504 302 556 az)
331 485 596 554 Huneuurum
625 481 665 550 L.
691 484 762 551 IV.
806 498 878 573 105

232 607 319 659 XXII.
335 608 397 658 Sunt
411 617 492 656 autem
509 602 581 663 aliae,
600 621 653 670 quae
668 604 815 654 nonhabent
830 615 879 653 tam

195 683 352 748 propinquam
362 681 387 730 in
398 679 477 730 verbis
487 677 670 728 similitudinem
681 711 689 737 ,
706 677 821 728 &tamen
831 677 881 727 dis-

196 755 287 804 similes
302 772 351 804 non
364 755 417 804 sunt
434 769 442 802 ε
459 751 543 819 quibus
561 751 591 801 de
610 751 741 820 generibus
758 766 830 799 unum
846 749 880 799 est

194 826 330 891 hujusmodi
343 844 351 878 t
367 826 433 898 Quid
441 825 551 880 reniam,
565 825 604 891 qui
613 825 672 884 sim,
690 840 761 890 quare
771 823 880 880 reniam,

194 917 261 966 quern
271 901 417 955 insimulem,
432 899 472 948 cui
478 897 580 966 prosim,
598 916 662 965 quern
670 897 799 965 postulem,
817 895 882 947 brevi

193 971 348 1043 cognosceris.
360 975 432 1034 Nam
442 970 483 1022 hic
494 971 564 1021 estin
575 971 712 1038 quibusdam
722 971 804 1021 verbis
816 987 881 1037 quae·

193 1046 249 1096 dam
258 1047 390 1099 similitudo
405 1057 513 1095 nontam
526 1044 675 1105 effodienda,
696 1047 766 1112 quim
780 1045 828 1094 illae
840 1043 881 1093 su-

193 1121 324 1186 periotes,
346 1121 386 1171 led
398 1132 478 1169 tamen
489 1120 621 1169 adhibenda
636 1126 822 1185 nonnumquam.
836 1117 880 1166 Al·

192 1205 273 1244 terum
290 1211 365 1262 genus
381 1192 533 1259 hujusmodi:
548 1193 640 1243 Demus
657 1211 770 1261 operam,
794 1191 879 1264 Quiri-

195 1281 257 1326 tes,
283 1285 312 1316 ne
334 1267 428 1317 omnino
449 1266 533 1316 Patres
555 1264 687 1333 Conscripei
710 1265 879 1332 circumscripti

192 1353 315 1406 putentur.
337 1341 398 1388 Haec
417 1339 579 1388 annominatio
596 1341 691 1388 accedit
708 1340 783 1404 magis
799 1339 829 1387 ad
845 1339 879 1386 si·

197 1411 374 1470 militudinem,
396 1415 466 1478 quim
484 1411 612 1474 superior;
632 1411 673 1460 sed
691 1409 788 1468 mimis,
808 1415 879 1477 quim

196 1483 245 1532 illae
262 1484 397 1551 superiores
411 1495 562 1549 :propterea
576 1481 640 1548 quid
658 1498 706 1532 non
721 1483 795 1534 solum
811 1484 880 1533 addi·

196 1568 230 1607 tae
241 1591 248 1616 ,
264 1558 305 1607 sed
316 1574 365 1607 uno
376 1569 486 1623 tempore
498 1557 600 1622 demptae
610 1573 706 1623 quoque
717 1557 803 1606 litterae
814 1558 879 1608 sunt.

236 1645 280 1694 31.
295 1631 407 1681 Tertium
422 1646 498 1697 genus
514 1629 566 1687 est,
586 1631 652 1695 quod
669 1629 779 1680 versatur
795 1631 820 1679 in
837 1648 880 1680 ea·

195 1703 262 1754 suum
277 1702 485 1762 commutatione,
501 1714 543 1752 aut
558 1704 646 1764 unius,
662 1716 703 1754 aut
717 1703 819 1769 plurium
834 1721 882 1754 no·

194 1779 294 1830 minum.
315 1778 393 1827 Unius
412 1776 532 1835 nominis,
553 1777 601 1826 hoc
621 1778 695 1827 modo
713 1793 721 1827 τ
739 1777 881 1828 Alexander

195 1850 301 1901 Macedo
314 1848 403 1918 summo
421 1850 503 1900 labore
520 1851 620 1899 animum
630 1853 662 1899 ad
678 1850 777 1900 virmees
795 1870 879 1919 aprae-

194 1925 252 1974 ritia
275 1924 431 1994 confirmarit.
455 1925 590 1973 Alexandri
612 1925 711 1974 uirtutes
730 1943 777 1992 per
800 1925 878 1975 orbern

194 2012 262 2047 terra
279 2016 329 2047 cum
344 1998 413 2046 laude
432 1997 454 2046 δ’
469 1997 548 2064 gloria
560 1994 626 2062 sunt.
644 1997 808 2047 Alexandrum
826 2017 879 2047 om-

194 2089 255 2126 nes,
276 2087 301 2120 ue
315 2070 414 2121 maximi
429 2084 577 2124 metuerunt,
598 2071 653 2120 item
669 2070 795 2136 plurimzlm
814 2072 879 2121 dilc-

193 2160 289 2194 xerunt.
315 2145 455 2193 Alexandro
478 2143 499 2191 si
523 2142 574 2190 rica
600 2143 695 2209 longior
717 2144 774 2191 daea
801 2142 879 2207 effer,

197 2217 319 2266 Oceanum
339 2232 419 2263 manus
434 2213 592 2262 Macedonum
609 2210 783 2279 transvolaffet.
802 2215 880 2268 Varie

195 2287 237 2337 hic
255 2303 328 2334 unum
344 2301 433 2332 nomen
455 2284 479 2330 in
496 2284 682 2332 commutatione
697 2285 792 2331 casuum
810 2287 881 2334 volu·

197 2372 275 2409 tatum
290 2357 330 2405 est.
347 2355 417 2404 Plura
428 2353 523 2402 nomina
538 2353 631 2401 casibus
646 2354 815 2409 commutatis,
832 2356 883 2404 hoc

197 2433 272 2482 modo
299 2430 390 2479 faciunt
415 2426 633 2475 annominationem
652 2441 659 2474 z
678 2423 731 2474 Tib.
753 2422 882 2483 Gracchum

197 2503 362 2571 rempublicam
379 2500 575 2561 administrantem
592 2498 688 2566 indigna
698 2498 819 2565 probibuit
834 2516 882 2548 nex

198 2579 285 2628 diutius
301 2577 324 2625 in
340 2594 367 2625 ea
385 2574 531 2624 commorari.
546 2575 572 2623 C.
592 2570 699 2622 Graccho
715 2572 826 2622 similiter
841 2591 886 2622 oe·

199 2653 258 2702 cisio
274 2650 356 2700 oblata
372 2650 423 2711 est,
444 2665 491 2714 qua
510 2647 583 2697 uirum
600 2646 732 2714 reipublice
749 2645 886 2696 amantissi-

198 2744 257 2774 mum
275 2722 354 2791 subieci
375 2725 402 2772 de
419 2722 471 2771 sinu
491 2721 594 2770 ciuitatis
613 2720 706 2788 eripuit.
730 2719 886 2770 Saturninum

192 2799 244 2868 fide
261 2814 352 2864 cuprum
368 2797 501 2851 malorum,
519 2793 624 2862 perfidiae
639 2792 717 2861 scelus
732 2794 784 2842 vird
798 2795 885 2860 prira·

198 2873 243 2922 uie.
262 2871 342 2925 Tuus,
359 2868 373 2916 ὅ
388 2867 485 2936 Druse,
503 2869 595 2935 sanguis
613 2868 746 2931 domesticos
759 2867 886 2933 parieles,
932 2884 935 2889 ·

200 2944 323 2993 &vultum
338 2943 442 3008 parentis
458 2938 579 3007 adspersit.
590 2941 740 3008 Sulpicium,
756 2939 793 2988 cui
806 2937 888 3003 paulb
946 2942 949 2946 ’

199 3015 253 3068 enti
272 3016 350 3068 omnia
368 3015 545 3074 concedebant,
566 3033 615 3067 uem
632 3015 697 3065 breui
713 3011 817 3079 spatio,
834 3026 888 3062 num

717 3086 741 3135 E
757 3103 773 3137 u
