<?xml version="1.0" encoding="UTF-8"?>
<!DOCTYPE html PUBLIC "-//W3C//DTD XHTML 1.0 Transitional//EN"
    "http://www.w3.org/TR/xhtml1/DTD/xhtml1-transitional.dtd">
<html xmlns="http://www.w3.org/1999/xhtml" xml:lang="en" lang="en">
 <head>
  <title>
</title>
<meta http-equiv="Content-Type" content="text/html;charset=utf-8" />
  <meta name='ocr-system' content='tesseract 3.04.00' />
  <meta name='ocr-capabilities' content='ocr_page ocr_carea ocr_par ocr_line ocrx_word'/>
</head>
<body>
  <div class='ocr_page' id='page_1' title='image "./mtulliiciceroni01lallgoog_0321.png"; bbox 0 0 2400 4067; ppageno 0'>
   <div class='ocr_carea' id='block_1_1' title="bbox 206 591 219 873">
    <p class='ocr_par' dir='ltr' id='par_1_1' title="bbox 206 591 219 873">
     <span class='ocr_line' id='line_1_1' title="bbox 207 591 219 627; baseline 0 0"><span class='ocrx_word' id='word_1_1' title='bbox 207 591 219 627; x_wconf 78' lang='lat' dir='ltr'>a</span> 
     </span>
     <span class='ocr_line' id='line_1_2' title="bbox 206 671 216 709; baseline 0 0"><span class='ocrx_word' id='word_1_2' title='bbox 206 671 216 709; x_wconf 82' lang='lat' dir='ltr'>r</span> 
     </span>
     <span class='ocr_line' id='line_1_3' title="bbox 206 754 217 791; baseline 0 0"><span class='ocrx_word' id='word_1_3' title='bbox 206 754 217 791; x_wconf 87' lang='lat' dir='ltr'>r</span> 
     </span>
     <span class='ocr_line' id='line_1_4' title="bbox 206 814 216 873; baseline 0 0"><span class='ocrx_word' id='word_1_4' title='bbox 206 814 216 873; x_wconf 75' lang='lat' dir='ltr'>t</span> 
     </span>
    </p>
   </div>
   <div class='ocr_carea' id='block_1_2' title="bbox 206 919 212 957">
    <p class='ocr_par' dir='ltr' id='par_1_2' title="bbox 206 919 212 957">
     <span class='ocr_line' id='line_1_5' title="bbox 206 919 212 957; baseline 0 0"><span class='ocrx_word' id='word_1_5' title='bbox 206 919 212 957; x_wconf 91' lang='lat' dir='ltr'>l</span> 
     </span>
    </p>
   </div>
   <div class='ocr_carea' id='block_1_3' title="bbox 257 467 942 676">
    <p class='ocr_par' dir='ltr' id='par_1_3' title="bbox 257 467 942 676">
     <span class='ocr_line' id='line_1_6' title="bbox 312 467 938 564; baseline 0.013 -31"><span class='ocrx_word' id='word_1_6' title='bbox 312 468 602 533; x_wconf 73' lang='lat' dir='ltr'>Rurrorrrcn</span> <span class='ocrx_word' id='word_1_7' title='bbox 631 467 730 532; x_wconf 78' lang='lat' dir='ltr'>L-rrr.</span> <span class='ocrx_word' id='word_1_8' title='bbox 753 471 807 535; x_wconf 86' lang='lat'>11.</span> <span class='ocrx_word' id='word_1_9' title='bbox 862 491 938 564; x_wconf 80' lang='lat'>307</span> 
     </span>
     <span class='ocr_line' id='line_1_7' title="bbox 257 581 942 676; baseline 0.006 -34"><span class='ocrx_word' id='word_1_10' title='bbox 257 601 388 657; x_wconf 88' lang='lat' dir='ltr'>mento,</span> <span class='ocrx_word' id='word_1_11' title='bbox 412 593 498 664; x_wconf 87' lang='lat' dir='ltr'>quam</span> <span class='ocrx_word' id='word_1_12' title='bbox 524 581 693 676; x_wconf 81' lang='lat' dir='ltr'>posuimus,</span> <span class='ocrx_word' id='word_1_13' title='bbox 720 587 915 646; x_wconf 86' lang='lat' dir='ltr'>controversia</span> <span class='ocrx_word' id='word_1_14' title='bbox 931 610 942 662; x_wconf 89' lang='lat'>;</span> 
     </span>
    </p>
   </div>
   <div class='ocr_carea' id='block_1_4' title="bbox 235 661 940 745">
    <p class='ocr_par' dir='ltr' id='par_1_4' title="bbox 235 661 940 745">
     <span class='ocr_line' id='line_1_8' title="bbox 235 661 940 745; baseline 0.009 -24"><span class='ocrx_word' id='word_1_15' title='bbox 235 685 238 690; x_wconf 69' lang='grc'><em>’</em></span> <span class='ocrx_word' id='word_1_16' title='bbox 258 681 308 722; x_wconf 84' lang='lat' dir='ltr'>aut</span> <span class='ocrx_word' id='word_1_17' title='bbox 328 663 409 723; x_wconf 86' lang='lat' dir='ltr'>causa</span> <span class='ocrx_word' id='word_1_18' title='bbox 426 661 595 744; x_wconf 82' lang='lat' dir='ltr'>assumptrva</span> <span class='ocrx_word' id='word_1_19' title='bbox 612 661 774 737; x_wconf 88' lang='lat' dir='ltr'>inseretur,</span> <span class='ocrx_word' id='word_1_20' title='bbox 794 668 940 745; x_wconf 85' lang='lat' dir='ltr'>quamob-</span> 
     </span>
    </p>
   </div>
   <div class='ocr_carea' id='block_1_5' title="bbox 256 743 943 987">
    <p class='ocr_par' dir='ltr' id='par_1_5' title="bbox 256 743 943 987">
     <span class='ocr_line' id='line_1_9' title="bbox 256 743 943 827; baseline 0.006 -24"><span class='ocrx_word' id='word_1_21' title='bbox 256 765 321 804; x_wconf 85' lang='lat' dir='ltr'>rem</span> <span class='ocrx_word' id='word_1_22' title='bbox 336 743 439 826; x_wconf 90' lang='lat' dir='ltr'>scripto</span> <span class='ocrx_word' id='word_1_23' title='bbox 454 765 515 804; x_wconf 90' lang='lat' dir='ltr'>non</span> <span class='ocrx_word' id='word_1_24' title='bbox 534 746 685 825; x_wconf 85' lang='lat' dir='ltr'>potuerit,</span> <span class='ocrx_word' id='word_1_25' title='bbox 702 761 751 805; x_wconf 89' lang='lat' dir='ltr'>aut</span> <span class='ocrx_word' id='word_1_26' title='bbox 768 766 830 806; x_wconf 89' lang='lat' dir='ltr'>non</span> <span class='ocrx_word' id='word_1_27' title='bbox 848 767 943 827; x_wconf 87' lang='lat' dir='ltr'>opor-</span> 
     </span>
     <span class='ocr_line' id='line_1_10' title="bbox 257 827 564 906; baseline 0 -22"><span class='ocrx_word' id='word_1_28' title='bbox 257 827 345 885; x_wconf 89' lang='lat' dir='ltr'>tuerit</span> <span class='ocrx_word' id='word_1_29' title='bbox 358 827 564 906; x_wconf 80' lang='lat' dir='ltr'>obtemperari.</span> 
     </span>
     <span class='ocr_line' id='line_1_11' title="bbox 303 902 942 987; baseline 0.009 -25"><span class='ocrx_word' id='word_1_30' title='bbox 303 905 368 968; x_wconf 83' lang='lat'>128.</span> <span class='ocrx_word' id='word_1_31' title='bbox 399 905 429 967; x_wconf 85' lang='lat' dir='ltr'>si</span> <span class='ocrx_word' id='word_1_32' title='bbox 454 906 532 965; x_wconf 84' lang='lat' dir='ltr'>aliud</span> <span class='ocrx_word' id='word_1_33' title='bbox 556 902 670 966; x_wconf 82' lang='lat' dir='ltr'>sensisse</span> <span class='ocrx_word' id='word_1_34' title='bbox 692 905 840 987; x_wconf 85' lang='lat' dir='ltr'>scriptor,</span> <span class='ocrx_word' id='word_1_35' title='bbox 864 907 942 968; x_wconf 89' lang='lat' dir='ltr'>aliud</span> 
     </span>
    </p>
   </div>
   <div class='ocr_carea' id='block_1_6' title="bbox 207 984 942 1068">
    <p class='ocr_par' dir='ltr' id='par_1_6' title="bbox 207 984 942 1068">
     <span class='ocr_line' id='line_1_12' title="bbox 207 984 942 1068; baseline 0.003 -23"><span class='ocrx_word' id='word_1_36' title='bbox 207 1028 210 1035; x_wconf 82' lang='lat'>·</span> <span class='ocrx_word' id='word_1_37' title='bbox 255 984 393 1067; x_wconf 77' lang='lat' dir='ltr'>scripsisse</span> <span class='ocrx_word' id='word_1_38' title='bbox 410 988 541 1060; x_wconf 87' lang='lat' dir='ltr'>dicetur,</span> <span class='ocrx_word' id='word_1_39' title='bbox 559 989 582 1046; x_wconf 91' lang='lat' dir='ltr'>is</span> <span class='ocrx_word' id='word_1_40' title='bbox 601 1032 611 1060; x_wconf 91' lang='lat'>,</span> <span class='ocrx_word' id='word_1_41' title='bbox 630 989 680 1067; x_wconf 94' lang='lat' dir='ltr'>qui</span> <span class='ocrx_word' id='word_1_42' title='bbox 698 985 803 1068; x_wconf 90' lang='lat' dir='ltr'>scripto</span> <span class='ocrx_word' id='word_1_43' title='bbox 821 1004 942 1064; x_wconf 91' lang='lat' dir='ltr'>utetur,</span> 
     </span>
    </p>
   </div>
   <div class='ocr_carea' id='block_1_7' title="bbox 253 1065 945 3068">
    <p class='ocr_par' dir='ltr' id='par_1_7' title="bbox 253 1065 945 2600">
     <span class='ocr_line' id='line_1_13' title="bbox 256 1065 942 1148; baseline 0.006 -24"><span class='ocrx_word' id='word_1_44' title='bbox 256 1067 313 1125; x_wconf 89' lang='lat' dir='ltr'>hoc</span> <span class='ocrx_word' id='word_1_45' title='bbox 332 1067 430 1142; x_wconf 90' lang='lat' dir='ltr'>dicet,</span> <span class='ocrx_word' id='word_1_46' title='bbox 447 1088 509 1127; x_wconf 94' lang='lat' dir='ltr'>non</span> <span class='ocrx_word' id='word_1_47' title='bbox 531 1085 672 1148; x_wconf 88' lang='lat' dir='ltr'>oportere</span> <span class='ocrx_word' id='word_1_48' title='bbox 690 1067 727 1128; x_wconf 89' lang='lat' dir='ltr'>de</span> <span class='ocrx_word' id='word_1_49' title='bbox 750 1065 812 1147; x_wconf 82' lang='lat' dir='ltr'>ejus</span> <span class='ocrx_word' id='word_1_50' title='bbox 830 1068 942 1130; x_wconf 89' lang='lat' dir='ltr'>volun-</span> 
     </span>
     <span class='ocr_line' id='line_1_14' title="bbox 256 1148 941 1231; baseline 0.009 -25"><span class='ocrx_word' id='word_1_51' title='bbox 256 1164 316 1207; x_wconf 85' lang='lat' dir='ltr'>tate</span> <span class='ocrx_word' id='word_1_52' title='bbox 337 1171 391 1210; x_wconf 90' lang='lat' dir='ltr'>nos</span> <span class='ocrx_word' id='word_1_53' title='bbox 412 1151 628 1231; x_wconf 84' lang='lat' dir='ltr'>argumentari,</span> <span class='ocrx_word' id='word_1_54' title='bbox 648 1151 718 1229; x_wconf 88' lang='lat' dir='ltr'>qui,</span> <span class='ocrx_word' id='word_1_55' title='bbox 737 1169 774 1209; x_wconf 89' lang='lat' dir='ltr'>ne</span> <span class='ocrx_word' id='word_1_56' title='bbox 796 1148 827 1208; x_wconf 91' lang='lat' dir='ltr'>id</span> <span class='ocrx_word' id='word_1_57' title='bbox 844 1148 941 1212; x_wconf 86' lang='lat' dir='ltr'>facere</span> 
     </span>
     <span class='ocr_line' id='line_1_15' title="bbox 255 1227 941 1311; baseline 0.007 -24"><span class='ocrx_word' id='word_1_58' title='bbox 255 1227 431 1308; x_wconf 82' lang='lat' dir='ltr'>possemus,</span> <span class='ocrx_word' id='word_1_59' title='bbox 451 1229 588 1290; x_wconf 88' lang='lat' dir='ltr'>indicium</span> <span class='ocrx_word' id='word_1_60' title='bbox 610 1230 696 1289; x_wconf 89' lang='lat' dir='ltr'>nobis</span> <span class='ocrx_word' id='word_1_61' title='bbox 717 1229 864 1311; x_wconf 86' lang='lat' dir='ltr'>reliquerit</span> <span class='ocrx_word' id='word_1_62' title='bbox 884 1229 941 1292; x_wconf 79' lang='lat' dir='ltr'>sure</span> 
     </span>
     <span class='ocr_line' id='line_1_16' title="bbox 255 1309 943 1393; baseline 0.009 -26"><span class='ocrx_word' id='word_1_63' title='bbox 255 1311 416 1371; x_wconf 88' lang='lat' dir='ltr'>voluntatis</span> <span class='ocrx_word' id='word_1_64' title='bbox 431 1309 741 1370; x_wconf 75' lang='lat' dir='ltr'>tmultaincommoda</span> <span class='ocrx_word' id='word_1_65' title='bbox 750 1309 902 1393; x_wconf 79' lang='lat' dir='ltr'>consequi,</span> <span class='ocrx_word' id='word_1_66' title='bbox 918 1316 943 1373; x_wconf 91' lang='lat' dir='ltr'>si</span> 
     </span>
     <span class='ocr_line' id='line_1_17' title="bbox 254 1387 940 1468; baseline 0.013 -20"><span class='ocrx_word' id='word_1_67' title='bbox 254 1387 438 1465; x_wconf 83' lang='lat' dir='ltr'>instituatur,</span> <span class='ocrx_word' id='word_1_68' title='bbox 459 1407 492 1449; x_wconf 90' lang='lat' dir='ltr'>ut</span> <span class='ocrx_word' id='word_1_69' title='bbox 512 1411 529 1448; x_wconf 82' lang='lat' dir='ltr'>a</span> <span class='ocrx_word' id='word_1_70' title='bbox 548 1389 654 1468; x_wconf 89' lang='lat' dir='ltr'>scripto</span> <span class='ocrx_word' id='word_1_71' title='bbox 673 1391 823 1453; x_wconf 83' lang='lat' dir='ltr'>recedatur</span> <span class='ocrx_word' id='word_1_72' title='bbox 841 1414 849 1450; x_wconf 77' lang='lat' dir='ltr'>t</span> <span class='ocrx_word' id='word_1_73' title='bbox 871 1414 940 1457; x_wconf 84' lang='lat' dir='ltr'>nam</span> 
     </span>
     <span class='ocr_line' id='line_1_18' title="bbox 258 1469 941 1552; baseline 0.004 -22"><span class='ocrx_word' id='word_1_74' title='bbox 258 1471 292 1530; x_wconf 90' lang='lat'>&amp;</span> <span class='ocrx_word' id='word_1_75' title='bbox 309 1491 385 1546; x_wconf 89' lang='lat' dir='ltr'>eos,</span> <span class='ocrx_word' id='word_1_76' title='bbox 407 1472 458 1552; x_wconf 88' lang='lat' dir='ltr'>qui</span> <span class='ocrx_word' id='word_1_77' title='bbox 475 1469 583 1550; x_wconf 86' lang='lat' dir='ltr'>aliquid</span> <span class='ocrx_word' id='word_1_78' title='bbox 600 1469 746 1544; x_wconf 84' lang='lat' dir='ltr'>scribant,</span> <span class='ocrx_word' id='word_1_79' title='bbox 764 1494 826 1532; x_wconf 90' lang='lat' dir='ltr'>non</span> <span class='ocrx_word' id='word_1_80' title='bbox 843 1473 941 1535; x_wconf 86' lang='lat' dir='ltr'>existi·</span> 
     </span>
     <span class='ocr_line' id='line_1_19' title="bbox 255 1547 941 1631; baseline 0.007 -21"><span class='ocrx_word' id='word_1_81' title='bbox 255 1570 404 1625; x_wconf 86' lang='lat' dir='ltr'>maturos,</span> <span class='ocrx_word' id='word_1_82' title='bbox 424 1552 473 1624; x_wconf 92' lang='lat' dir='ltr'>id,</span> <span class='ocrx_word' id='word_1_83' title='bbox 491 1550 571 1631; x_wconf 87' lang='lat' dir='ltr'>quod</span> <span class='ocrx_word' id='word_1_84' title='bbox 586 1547 767 1630; x_wconf 82' lang='lat' dir='ltr'>scripserint,</span> <span class='ocrx_word' id='word_1_85' title='bbox 783 1570 876 1614; x_wconf 86' lang='lat' dir='ltr'>ratum</span> <span class='ocrx_word' id='word_1_86' title='bbox 894 1554 941 1615; x_wconf 88' lang='lat' dir='ltr'>su·</span> 
     </span>
     <span class='ocr_line' id='line_1_20' title="bbox 255 1627 945 1710; baseline 0.006 -20"><span class='ocrx_word' id='word_1_87' title='bbox 255 1649 381 1706; x_wconf 81' lang='lat' dir='ltr'>turum3</span> <span class='ocrx_word' id='word_1_88' title='bbox 404 1632 437 1692; x_wconf 89' lang='lat'>&amp;</span> <span class='ocrx_word' id='word_1_89' title='bbox 457 1652 534 1704; x_wconf 89' lang='lat' dir='ltr'>eos,</span> <span class='ocrx_word' id='word_1_90' title='bbox 558 1632 608 1710; x_wconf 93' lang='lat' dir='ltr'>qui</span> <span class='ocrx_word' id='word_1_91' title='bbox 631 1627 782 1705; x_wconf 83' lang='lat' dir='ltr'>judicent,</span> <span class='ocrx_word' id='word_1_92' title='bbox 803 1651 914 1694; x_wconf 87' lang='lat' dir='ltr'>certum</span> <span class='ocrx_word' id='word_1_93' title='bbox 930 1681 945 1710; x_wconf 89' lang='lat'>,</span> 
     </span>
     <span class='ocr_line' id='line_1_21' title="bbox 256 1709 941 1793; baseline 0.012 -23"><span class='ocrx_word' id='word_1_94' title='bbox 256 1713 339 1792; x_wconf 91' lang='lat' dir='ltr'>quod</span> <span class='ocrx_word' id='word_1_95' title='bbox 354 1711 506 1793; x_wconf 89' lang='lat' dir='ltr'>sequantur</span> <span class='ocrx_word' id='word_1_96' title='bbox 519 1756 528 1785; x_wconf 96' lang='lat'>,</span> <span class='ocrx_word' id='word_1_97' title='bbox 539 1709 611 1770; x_wconf 87' lang='lat' dir='ltr'>nihil</span> <span class='ocrx_word' id='word_1_98' title='bbox 626 1711 795 1783; x_wconf 77' lang='lat' dir='ltr'>habituros,</span> <span class='ocrx_word' id='word_1_99' title='bbox 814 1715 837 1773; x_wconf 90' lang='lat' dir='ltr'>si</span> <span class='ocrx_word' id='word_1_100' title='bbox 850 1712 941 1778; x_wconf 86' lang='lat' dir='ltr'>semel</span> 
     </span>
     <span class='ocr_line' id='line_1_22' title="bbox 257 1790 942 1877; baseline 0.012 -26"><span class='ocrx_word' id='word_1_101' title='bbox 257 1792 397 1873; x_wconf 86' lang='lat' dir='ltr'>ascripto</span> <span class='ocrx_word' id='word_1_102' title='bbox 414 1791 553 1855; x_wconf 87' lang='lat' dir='ltr'>recedere</span> <span class='ocrx_word' id='word_1_103' title='bbox 576 1790 787 1852; x_wconf 88' lang='lat' dir='ltr'>consueverint.</span> <span class='ocrx_word' id='word_1_104' title='bbox 806 1793 900 1877; x_wconf 71' lang='lat' dir='ltr'>Quod</span> <span class='ocrx_word' id='word_1_105' title='bbox 918 1798 942 1859; x_wconf 77' lang='lat' dir='ltr'>ti</span> 
     </span>
     <span class='ocr_line' id='line_1_23' title="bbox 254 1872 942 1954; baseline 0.003 -20"><span class='ocrx_word' id='word_1_106' title='bbox 254 1875 391 1935; x_wconf 79' lang='lat' dir='ltr'>voluntas</span> <span class='ocrx_word' id='word_1_107' title='bbox 414 1873 560 1954; x_wconf 86' lang='lat' dir='ltr'>scriptoris</span> <span class='ocrx_word' id='word_1_108' title='bbox 585 1872 783 1934; x_wconf 80' lang='lat' dir='ltr'>conservanda</span> <span class='ocrx_word' id='word_1_109' title='bbox 807 1878 870 1948; x_wconf 78' lang='lat' dir='ltr'>sir,</span> <span class='ocrx_word' id='word_1_110' title='bbox 886 1876 942 1953; x_wconf 89' lang='lat' dir='ltr'>se,</span> 
     </span>
     <span class='ocr_line' id='line_1_24' title="bbox 254 1953 940 2038; baseline 0.004 -23"><span class='ocrx_word' id='word_1_111' title='bbox 254 1976 316 2016; x_wconf 88' lang='lat' dir='ltr'>non</span> <span class='ocrx_word' id='word_1_112' title='bbox 334 1955 532 2028; x_wconf 88' lang='lat' dir='ltr'>adversarios,</span> <span class='ocrx_word' id='word_1_113' title='bbox 554 1977 572 2015; x_wconf 80' lang='lat' dir='ltr'><strong>a</strong></span> <span class='ocrx_word' id='word_1_114' title='bbox 588 1954 743 2016; x_wconf 81' lang='lat' dir='ltr'>voluntate</span> <span class='ocrx_word' id='word_1_115' title='bbox 765 1953 827 2038; x_wconf 82' lang='lat' dir='ltr'>ejus</span> <span class='ocrx_word' id='word_1_116' title='bbox 843 1954 940 2020; x_wconf 80' lang='lat' dir='ltr'>stare:</span> 
     </span>
     <span class='ocr_line' id='line_1_25' title="bbox 254 2036 940 2122; baseline 0.004 -25"><span class='ocrx_word' id='word_1_117' title='bbox 254 2057 323 2098; x_wconf 87' lang='lat' dir='ltr'>nam</span> <span class='ocrx_word' id='word_1_118' title='bbox 339 2036 432 2098; x_wconf 79' lang='lat' dir='ltr'>multi&gt;</span> <span class='ocrx_word' id='word_1_119' title='bbox 448 2037 568 2118; x_wconf 72' lang='lat' dir='ltr'>propius</span> <span class='ocrx_word' id='word_1_120' title='bbox 584 2036 727 2099; x_wconf 82' lang='lat' dir='ltr'>accedere</span> <span class='ocrx_word' id='word_1_121' title='bbox 742 2036 781 2095; x_wconf 86' lang='lat' dir='ltr'>ad</span> <span class='ocrx_word' id='word_1_122' title='bbox 796 2036 940 2122; x_wconf 85' lang='lat' dir='ltr'>scriptoris</span> 
     </span>
     <span class='ocr_line' id='line_1_26' title="bbox 253 2119 941 2216; baseline 0.006 -38"><span class='ocrx_word' id='word_1_123' title='bbox 253 2119 456 2190; x_wconf 86' lang='lat' dir='ltr'>voluntatem,</span> <span class='ocrx_word' id='word_1_124' title='bbox 473 2137 561 2189; x_wconf 88' lang='lat' dir='ltr'>eum,</span> <span class='ocrx_word' id='word_1_125' title='bbox 575 2119 672 2216; x_wconf 84' lang='lat' dir='ltr'>quiex</span> <span class='ocrx_word' id='word_1_126' title='bbox 684 2119 772 2198; x_wconf 81' lang='lat' dir='ltr'>ipsius</span> <span class='ocrx_word' id='word_1_127' title='bbox 788 2137 853 2183; x_wconf 82' lang='lat' dir='ltr'>earn</span> <span class='ocrx_word' id='word_1_128' title='bbox 863 2121 941 2182; x_wconf 88' lang='lat' dir='ltr'>litte·</span> 
     </span>
     <span class='ocr_line' id='line_1_27' title="bbox 253 2197 941 2278; baseline 0.006 -20"><span class='ocrx_word' id='word_1_129' title='bbox 253 2201 291 2258; x_wconf 87' lang='lat' dir='ltr'>ris</span> <span class='ocrx_word' id='word_1_130' title='bbox 307 2202 529 2278; x_wconf 88' lang='lat' dir='ltr'>interpretetur,</span> <span class='ocrx_word' id='word_1_131' title='bbox 541 2217 630 2276; x_wconf 86' lang='lat' dir='ltr'>quam</span> <span class='ocrx_word' id='word_1_132' title='bbox 646 2197 745 2270; x_wconf 90' lang='lat' dir='ltr'>illum,</span> <span class='ocrx_word' id='word_1_133' title='bbox 761 2201 810 2277; x_wconf 88' lang='lat' dir='ltr'>qui</span> <span class='ocrx_word' id='word_1_134' title='bbox 825 2198 941 2262; x_wconf 87' lang='lat' dir='ltr'>senten-</span> 
     </span>
     <span class='ocr_line' id='line_1_28' title="bbox 253 2275 943 2361; baseline -0.009 -22"><span class='ocrx_word' id='word_1_135' title='bbox 253 2277 485 2357; x_wconf 85' lang='lat' dir='ltr'>tiam&#39;scriproris</span> <span class='ocrx_word' id='word_1_136' title='bbox 501 2297 563 2334; x_wconf 89' lang='lat' dir='ltr'>non</span> <span class='ocrx_word' id='word_1_137' title='bbox 578 2295 616 2356; x_wconf 81' lang='lat' dir='ltr'>ex</span> <span class='ocrx_word' id='word_1_138' title='bbox 633 2277 720 2353; x_wconf 89' lang='lat' dir='ltr'>ipsius</span> <span class='ocrx_word' id='word_1_139' title='bbox 735 2275 840 2357; x_wconf 89' lang='lat' dir='ltr'>scripto</span> <span class='ocrx_word' id='word_1_140' title='bbox 856 2279 943 2361; x_wconf 76' lang='lat' dir='ltr'>spec.</span> 
     </span>
     <span class='ocr_line' id='line_1_29' title="bbox 254 2353 942 2440; baseline 0.001 -22"><span class='ocrx_word' id='word_1_141' title='bbox 254 2376 321 2432; x_wconf 90' lang='lat' dir='ltr'>tet,</span> <span class='ocrx_word' id='word_1_142' title='bbox 339 2356 421 2440; x_wconf 92' lang='lat' dir='ltr'>quod</span> <span class='ocrx_word' id='word_1_143' title='bbox 440 2356 489 2416; x_wconf 90' lang='lat' dir='ltr'>ille</span> <span class='ocrx_word' id='word_1_144' title='bbox 510 2353 564 2414; x_wconf 86' lang='lat' dir='ltr'>suae</span> <span class='ocrx_word' id='word_1_145' title='bbox 585 2354 745 2415; x_wconf 65' lang='lat' dir='ltr'>uoluntatis</span> <span class='ocrx_word' id='word_1_146' title='bbox 765 2360 845 2435; x_wconf 83' lang='lat' dir='ltr'>quasi</span> <span class='ocrx_word' id='word_1_147' title='bbox 865 2362 942 2419; x_wconf 84' lang='lat' dir='ltr'>inra-</span> 
     </span>
     <span class='ocr_line' id='line_1_30' title="bbox 256 2432 940 2521; baseline 0.006 -25"><span class='ocrx_word' id='word_1_148' title='bbox 256 2443 354 2520; x_wconf 86' lang='lat' dir='ltr'>ginem</span> <span class='ocrx_word' id='word_1_149' title='bbox 370 2437 537 2518; x_wconf 87' lang='lat' dir='ltr'>reliquerit,</span> <span class='ocrx_word' id='word_1_150' title='bbox 554 2433 605 2495; x_wconf 89' lang='lat' dir='ltr'>sed</span> <span class='ocrx_word' id='word_1_151' title='bbox 622 2432 786 2497; x_wconf 85' lang='lat' dir='ltr'>domesticis</span> <span class='ocrx_word' id='word_1_152' title='bbox 801 2435 940 2521; x_wconf 85' lang='lat' dir='ltr'>suspicio·</span> 
     </span>
     <span class='ocr_line' id='line_1_31' title="bbox 254 2517 555 2600; baseline -0.01 -21"><span class='ocrx_word' id='word_1_153' title='bbox 254 2520 338 2579; x_wconf 87' lang='lat' dir='ltr'>nibus</span> <span class='ocrx_word' id='word_1_154' title='bbox 354 2517 555 2600; x_wconf 87' lang='lat' dir='ltr'>perscrutetur.</span> 
     </span>
    </p>

    <p class='ocr_par' dir='ltr' id='par_1_8' title="bbox 254 2593 942 3068">
     <span class='ocr_line' id='line_1_32' title="bbox 301 2593 942 2678; baseline 0.005 -19"><span class='ocrx_word' id='word_1_155' title='bbox 301 2618 365 2678; x_wconf 89' lang='lat'>129.</span> <span class='ocrx_word' id='word_1_156' title='bbox 386 2598 436 2659; x_wconf 86' lang='lat' dir='ltr'>Sin</span> <span class='ocrx_word' id='word_1_157' title='bbox 454 2598 566 2664; x_wconf 84' lang='lat' dir='ltr'>causam</span> <span class='ocrx_word' id='word_1_158' title='bbox 587 2593 688 2657; x_wconf 87' lang='lat' dir='ltr'>afferet</span> <span class='ocrx_word' id='word_1_159' title='bbox 706 2597 752 2669; x_wconf 90' lang='lat' dir='ltr'>is,</span> <span class='ocrx_word' id='word_1_160' title='bbox 770 2599 818 2678; x_wconf 89' lang='lat' dir='ltr'>qui</span> <span class='ocrx_word' id='word_1_161' title='bbox 838 2621 855 2658; x_wconf 88' lang='lat' dir='ltr'>a</span> <span class='ocrx_word' id='word_1_162' title='bbox 873 2598 942 2662; x_wconf 79' lang='lat' dir='ltr'>sen-</span> 
     </span>
     <span class='ocr_line' id='line_1_33' title="bbox 254 2678 939 2761; baseline 0.001 -20"><span class='ocrx_word' id='word_1_163' title='bbox 254 2684 346 2741; x_wconf 84' lang='lat' dir='ltr'>tentia</span> <span class='ocrx_word' id='word_1_164' title='bbox 367 2679 473 2756; x_wconf 84' lang='lat' dir='ltr'>stabit,</span> <span class='ocrx_word' id='word_1_165' title='bbox 495 2680 621 2761; x_wconf 81' lang='lat' dir='ltr'>primlrm</span> <span class='ocrx_word' id='word_1_166' title='bbox 640 2680 694 2738; x_wconf 87' lang='lat' dir='ltr'>erit</span> <span class='ocrx_word' id='word_1_167' title='bbox 714 2678 816 2738; x_wconf 69' lang='lat' dir='ltr'>contri</span> <span class='ocrx_word' id='word_1_168' title='bbox 836 2680 939 2742; x_wconf 89' lang='lat' dir='ltr'>dicen-</span> 
     </span>
     <span class='ocr_line' id='line_1_34' title="bbox 255 2760 940 2843; baseline 0.004 -23"><span class='ocrx_word' id='word_1_169' title='bbox 255 2762 325 2820; x_wconf 88' lang='lat' dir='ltr'>dum</span> <span class='ocrx_word' id='word_1_170' title='bbox 342 2784 349 2822; x_wconf 91' lang='lat'>:</span> <span class='ocrx_word' id='word_1_171' title='bbox 368 2763 455 2843; x_wconf 69' lang='lat' dir='ltr'>quim</span> <span class='ocrx_word' id='word_1_172' title='bbox 473 2760 646 2832; x_wconf 83' lang='lat' dir='ltr'>absurdum,</span> <span class='ocrx_word' id='word_1_173' title='bbox 663 2781 724 2818; x_wconf 89' lang='lat' dir='ltr'>non</span> <span class='ocrx_word' id='word_1_174' title='bbox 742 2780 849 2841; x_wconf 85' lang='lat' dir='ltr'>negare</span> <span class='ocrx_word' id='word_1_175' title='bbox 866 2784 940 2823; x_wconf 89' lang='lat' dir='ltr'>con-</span> 
     </span>
     <span class='ocr_line' id='line_1_35' title="bbox 256 2839 941 2922; baseline 0 -20"><span class='ocrx_word' id='word_1_176' title='bbox 256 2857 299 2902; x_wconf 86' lang='lat' dir='ltr'>tra</span> <span class='ocrx_word' id='word_1_177' title='bbox 315 2843 412 2922; x_wconf 80' lang='lat' dir='ltr'>legem</span> <span class='ocrx_word' id='word_1_178' title='bbox 428 2840 545 2915; x_wconf 83' lang='lat' dir='ltr'>fecisse,</span> <span class='ocrx_word' id='word_1_179' title='bbox 561 2840 611 2901; x_wconf 89' lang='lat' dir='ltr'>sed</span> <span class='ocrx_word' id='word_1_180' title='bbox 629 2860 717 2922; x_wconf 89' lang='lat' dir='ltr'>quare</span> <span class='ocrx_word' id='word_1_181' title='bbox 733 2839 856 2914; x_wconf 82' lang='lat' dir='ltr'>fecerit,</span> <span class='ocrx_word' id='word_1_182' title='bbox 872 2864 941 2902; x_wconf 87' lang='lat' dir='ltr'>cau·</span> 
     </span>
     <span class='ocr_line' id='line_1_36' title="bbox 255 2916 941 3001; baseline 0.007 -21"><span class='ocrx_word' id='word_1_183' title='bbox 255 2916 314 2981; x_wconf 86' lang='lat' dir='ltr'>sam</span> <span class='ocrx_word' id='word_1_184' title='bbox 338 2922 462 3001; x_wconf 84' lang='lat' dir='ltr'>aliquam</span> <span class='ocrx_word' id='word_1_185' title='bbox 486 2923 628 2981; x_wconf 87' lang='lat' dir='ltr'>invenire.</span> <span class='ocrx_word' id='word_1_186' title='bbox 656 2919 774 2982; x_wconf 88' lang='lat' dir='ltr'>Deinde</span> <span class='ocrx_word' id='word_1_187' title='bbox 798 2922 941 2985; x_wconf 71' lang='lat' dir='ltr'>conversa</span> 
     </span>
     <span class='ocr_line' id='line_1_37' title="bbox 255 2997 942 3068; baseline 0.007 -5"><span class='ocrx_word' id='word_1_188' title='bbox 255 3004 354 3066; x_wconf 83' lang='lat' dir='ltr'>omnia</span> <span class='ocrx_word' id='word_1_189' title='bbox 373 3000 455 3064; x_wconf 87' lang='lat' dir='ltr'>esse:</span> <span class='ocrx_word' id='word_1_190' title='bbox 476 3002 543 3063; x_wconf 74' lang='lat' dir='ltr'>ante</span> <span class='ocrx_word' id='word_1_191' title='bbox 560 3000 660 3063; x_wconf 86' lang='lat' dir='ltr'>solitos</span> <span class='ocrx_word' id='word_1_192' title='bbox 681 2997 737 3062; x_wconf 82' lang='lat' dir='ltr'>esse</span> <span class='ocrx_word' id='word_1_193' title='bbox 758 2998 942 3068; x_wconf 64' lang='lat' dir='ltr'>accusatores</span> 
     </span>
    </p>
   </div>
   <div class='ocr_carea' id='block_1_8' title="bbox 0 0 1204 4067">
    <p class='ocr_par' dir='ltr' id='par_1_9' title="bbox 0 0 1204 4067">
     <span class='ocr_line' id='line_1_38' title="bbox 0 0 1204 4067; baseline 0 0"><span class='ocrx_word' id='word_1_194' title='bbox 0 0 1204 4067; x_wconf 95' lang='lat' dir='ltr'> </span> 
     </span>
    </p>
   </div>
  </div>
 </body>
</html>
