2400 4067
323 501 400 562 v220
453 492 530 561 Dr
557 492 886 562 lurrurrou‘a·

319 603 466 689 majorem
487 607 579 669 vellet
598 607 706 670 habere
722 653 732 682 ,
748 627 828 668 eum
850 609 1011 689 pecuniam

319 706 381 745 non
396 687 514 748 habere.
696 726 698 731 .

312 797 314 801 ⁴
362 766 501 829 XLVIII.
521 768 603 850 Saepe
623 788 721 829 autem
737 765 860 830 oblitum
877 786 1008 851 putant,

317 849 390 929 quid
401 848 570 910 concesseris
582 895 591 924 ,
611 851 643 910 &
657 850 766 910 idcirco
779 850 831 924 id,
848 851 931 932 quod
944 872 1008 911 non

317 928 469 989 conficitur
481 975 492 1002 ,
515 933 595 1012 quasi
617 929 807 1005 conficiatur,
828 933 858 989 in
879 933 1008 992 conclu-

317 1011 401 1070 sione
420 1009 565 1085 infertur,
587 1012 647 1073 hoc
668 1012 760 1071 modo
781 1034 789 1069 ι
811 1010 841 1071 Si
861 1012 897 1071 ad
920 1013 1016 1086 illum¹

314 1090 460 1151 hereditas
476 1093 638 1166 veniebat,
657 1092 812 1154 verisimile
834 1091 874 1153 est
894 1094 930 1152 ab
950 1093 1004 1155 iIIo

316 1168 373 1231 effe
389 1189 534 1232 necatum.
549 1171 670 1234 Deinde
683 1174 741 1233 hoc
754 1167 920 1255 approbant
935 1174 1005 1255 plu-

315 1254 394 1310 rimis
409 1253 516 1312 verbis.
532 1252 772 1329 petranseunt,
791 1252 841 1314 Ad
854 1254 936 1314 illum
951 1276 1003 1315 au·

315 1349 377 1391 tem
395 1332 540 1393 hereditas
557 1335 707 1395 veniebat.
721 1334 841 1397 Deinde
856 1335 976 1395 infertur
988 1382 1001 1409 ,

313 1410 367 1472 Ille
388 1415 474 1495 igitur
491 1416 609 1475 occidit.
634 1415 670 1476 Id
691 1436 726 1477 ex
743 1420 799 1495 iis,
817 1438 878 1498 quae
900 1415 1006 1498 sump-

313 1491 428 1568 serant,
452 1517 513 1555 non
534 1496 695 1558 conficitur.
724 1498 825 1577 Quare
844 1494 1003 1559 observare

312 1573 363 1633 dili
386 1593 468 1635 enter
489 1595 632 1657 oportet,
656 1576 689 1638 δι
728 1578 777 1637 uid
794 1575 940 1653 sumatur,
966 1580 1001 1639 &

313 1596 384 1736 quid
402 1676 439 1716 ex
453 1658 496 1716 his
513 1655 690 1719 conficiatur.
707 1600 809 1738 Ipsum
827 1678 925 1716 autem
945 1654 1001 1740 ge-

312 1758 366 1795 nus
380 1741 657 1819 argumentationis,
671 1736 806 1798 vitiosum
819 1738 862 1796 his
876 1737 913 1797 de
929 1761 1002 1799 cau·
1031 1749 1035 1756 '

311 1818 348 1889 sis
366 1815 554 1895 ostendetur,
572 1823 596 1879 si
613 1816 706 1878 autin
721 1817 782 1899 ipso
798 1819 902 1876 vititrm
920 1822 1000 1893 erit,

312 1915 363 1957 aut
383 1894 409 1958 si
427 1922 488 1959 non
507 1900 544 1959 ad
564 1900 619 1972 id,
641 1898 721 1980 quod
741 1896 916 1979 instituitur,
943 1921 1001 1958 ac-

312 1979 557 2040 commodabitur.
573 1978 674 2059 Atque
686 1980 715 2037 in
728 1974 789 2058 ipso
803 1978 907 2037 vitium
921 1982 1001 2056 erit,

311 2062 336 2119 si
350 2064 470 2121 omnino
483 2076 578 2118 totum
591 2057 692 2118 falsum
705 2061 775 2133 etit,
789 2059 812 2119 si
825 2080 999 2137 commune,

312 2143 337 2199 si
353 2142 493 2223 vulgare,
511 2142 534 2197 si
550 2140 638 2214 leve,
655 2141 679 2199 si
696 2158 861 2213 remotum,
880 2143 903 2200 si
920 2142 998 2203 mala

311 2219 459 2293 definitio,
473 2222 496 2278 si
509 2220 746 2296 controversum,
760 2225 783 2281 si
794 2218 864 2302 pers
880 2222 997 2298 icuum,

311 2304 335 2376 si
351 2324 412 2361 non
426 2299 612 2377 concessum,
630 2304 654 2361 si
670 2322 716 2362 tur
740 2324 778 2376 e,
794 2304 817 2360 si
835 2243 995 2378 odensum,

309 2386 334 2456 si
357 2384 556 2459 contrarium,
584 2387 608 2463 si
629 2324 814 2457 incondans,
838 2385 862 2441 si
887 2380 995 2445 adv'er-

309 2462 381 2540 sum.
677 2500 680 2507 v
890 2482 893 2488 '

324 2537 333 2619 ζ
353 2564 403 2623 90.
420 2541 531 2604 Falsum
547 2541 607 2618 est,
625 2547 655 2603 in
671 2565 730 2625 quo
745 2542 892 2625 perspicue
907 2539 993 2605 men-

310 2624 425 2701 dacium
442 2622 505 2697 est,
521 2619 579 2683 hoc
596 2624 688 2684 modo
707 2645 715 2682 ι
733 2624 803 2684 Νοη
821 2623 917 2707 potest
935 2623 993 2687 effe

307 2705 443 2785 sapiens,
465 2705 514 2785 qui
532 2707 686 2783 pecuniam
705 2705 834 2788 negligit.
857 2703 993 2768 Socrates

308 2802 407 2857 autem
432 2781 584 2866 pecuniam
609 2785 786 2867 negligebat.
815 2786 885 2846 Non
906 2788 994 2881 igitur

306 2866 420 2947 sapiens
440 2883 510 2927 erat.
527 2863 696 2926 Commune
714 2865 779 2941 est,
800 2867 880 2948 quod
901 2868 993 2930 mhilo

306 2950 397 3029 magis
414 2948 449 3007 ab
463 2946 651 3022 adversariis,
669 2948 756 3029 qudam
772 2972 789 3007 a
802 2949 886 3009 nobis
899 2946 968 3012 facit
984 2997 995 3025 ,

305 3028 364 3097 hoc
379 3028 471 3091 modo
486 3050 493 3088 :
507 3026 642 3105 Idcirco,
659 3028 794 3107 Iudices,
810 3030 876 3114 quia
888 3049 992 3093 veram
