2400 4067
254 455 330 546 356
401 454 795 522 PAnrrrtoNas

252 570 363 644 tando,
388 571 421 630 δι
443 591 504 628 non
525 566 683 646 injucunda
704 567 850 628 distirrslio
867 588 874 626 :
894 582 917 627 u

253 671 343 732 quum
357 653 565 732 interrogamus
579 647 795 730 nosmetipsos,
815 666 917 730 autper
931 664 934 669 '
949 656 963 710 i

254 731 436 805 cunslamm,
449 748 497 790 aut
509 733 705 810 imperamus,
721 748 772 789 aut
783 746 918 810 optumum
952 755 966 813 p

255 812 394 892 quae'sunt
411 834 478 871 cum
493 811 554 870 aliis
564 811 765 889 compluribus
781 809 919 875 sentertbe
953 819 966 872 'r

253 913 318 951 rum
331 910 512 953 ornamenta.
539 890 641 950 Vitare
656 909 759 950 autem
773 891 920 955 sinulims·
937 917 966 975 'r

253 993 324 1032 nem
341 976 521 1054 poterimus,
543 984 606 1031 non
617 969 735 1051 semper
751 994 768 1030 a
782 973 920 1052 proposito
956 997 966 1056 t

255 1051 424 1114 ordientes:
448 1055 480 1114 &
500 1056 525 1112 si
537 1074 598 1112 non
613 1053 712 1111 omnia
733 1050 919 1115 confirmando
956 1076 966 1113 r

249 1133 479 1214 disputabimus,
499 1134 687 1212 breviterque
695 1132 921 1215 interdum,qu2
958 1138 966 1194 l

256 1232 340 1273 erunt
348 1214 412 1273 satis
426 1232 526 1294 aperta
536 1259 546 1286 ‚
558 1233 723 1294 ponemus:
743 1213 882 1296 quodque
894 1231 922 1274 ex
959 1240 966 1273 ι

254 1293 298 1352 his
317 1292 477 1368 efficietur,
495 1297 518 1353 si
534 1294 564 1352 id
579 1309 716 1374 apertum
733 1296 786 1368 sit,
803 1294 923 1355 noo-ha-
960 1318 966 1355 t

254 1375 388 1436 bebimus
402 1373 515 1435 necesse
526 1373 641 1455 semper
654 1374 848 1439 concludere·
916 1408 919 1415 ·

296 1455 383 1517 XIV.
406 1456 533 1517 Funus.
558 1455 672 1535 Quid?
697 1455 768 1530 illa,
789 1476 854 1537 quae
873 1457 923 1519 sine

256 1554 317 1596 arte
329 1537 526 1619 appellantur,
540 1557 605 1618 quae
614 1533 789 1612 jamdudum
800 1535 929 1617 assumptt-
963 1563 966 1585 ¹

201 1683 204 1691 ¹
257 1617 368 1692 (lucilli,
382 1622 546 1699 'ecquonam
558 1617 671 1690 modo,
690 1636 860 1698 ecquonam
868 1619 923 1677 loto

201 1715 205 1721 ⁴
256 1701 323 1758 artis
332 1700 393 1758 indi
414 1698 483 1760 ent?
503 1697 625 1758 Purra.
640 1696 693 1757 Illa
703 1700 781 1757 verb
790 1699 851 1759 ind'
871 1714 924 1759 ent:

257 1799 313 1838 nec
332 1780 369 1839 eb
384 1720 517 1839 <sentitur
531 1781 592 1839 sine
603 1795 684 1851 arte,
704 1779 788 1858 quod
802 1780 843 1839 ita
883 1794 924 1852 nt,

255 1856 306 1916 sed
319 1859 398 1938 quod
411 1881 446 1919 ea
458 1873 518 1918 non
528 1861 604 1938 parit
615 1861 739 1918 oratoris
752 1880 820 1935 ars,
833 1859 881 1920 sed
890 1856 927 1920 lo·

256 1939 294 1996 ris
305 1937 380 1998 adse
394 1938 489 1999 delata
497 1985 507 2014 ‚
515 1956 619 2000 ‘tamen
631 1955 693 2001 arte
701 1938 807 2002 trauat
816 1985 827 2015 ,
835 1941 872 2002 &
880 1960 927 2001 ma

256 2018 334 2078 xime
348 2020 377 2078 in
392 2018 521 2080 testibus.
622 2074 628 2083 ,

299 2117 348 2177 49.
373 2098 452 2162 Nam
471 2099 561 2164 &de
582 2116 651 2163 toto
669 2118 782 2183 genere
804 2099 929 2175 testium,

256 2179 345 2260 quim
356 2180 390 2261 id
399 2184 434 2241 sit
443 2179 607 2255 infirmum,
621 2180 695 2261 saepe
711 2181 872 2243 dicendum
879 2179 926 2242 est:

258 2262 291 2321 &
304 2279 474 2344 argumenta
483 2283 579 2324 rerum
589 2259 794 2400 effepropria3
810 2261 928 2325 testimo·

256 2345 324 2415 nia,
345 2344 551 2404 voluntatum:
574 2359 644 2402 uten
666 2363 779 2423 umque
790 2342 834 2404 est
843 2363 928 2404 exeru-

256 2423 329 2503 plis,
347 2425 449 2503 quibus
460 2423 578 2484 testibus
593 2423 735 2485 creditum
747 2446 813 2483 non
826 2427 881 2484 sit:
902 2422 927 2483 ἃ

202 2574 208 2584 s
258 2503 296 2562 de
308 2505 424 2584 singulis
442 2503 580 2575 testibus,
597 2505 621 2561 si
639 2504 742 2563 natural
752 2507 845 2580 vani,
861 2507 884 2565 si
894 2503 929 2564 le·

256 2602 332 2655 ves,
350 2586 454 2645 sicum
470 2585 648 2666 ignominia,
669 2587 693 2644 si
704 2583 777 2665 spe,
798 2588 824 2647 si
844 2601 931 2657 metu,

258 2663 281 2720 si
300 2663 469 2737 iracundizl,
496 2667 520 2723 si
542 2664 737 2726 misericordis
758 2667 897 2746 impulsi,
914 2667 933 2725 si

258 2745 398 2823 praemio,
421 2745 445 2802 si
463 2744 552 2825 gratis
570 2744 705 2815 adduas:
730 2746 934 2830 comparandi·

259 2844 316 2904 que
338 2822 484 2905 superiore
511 2847 579 2888 cum
601 2823 773 2890 aulloritate
803 2827 933 2900 testium,

259 2905 361 2989 quibus
373 2923 471 2966 tamen
483 2909 625 2968 creditum
641 2914 701 2966 non'
718 2909 767 2968 sit.

254 3033 276 3052 -,
304 3003 351 3071 50.
370 2984 454 3074 Saepe
478 2991 565 3055 etiam
581 2987 793 3078 questionibus
809 2989 939 3077 resisten-
