2400 4067
340 471 418 561 4&
533 469 823 538 Toprca

340 585 414 658 bus,
435 606 505 666 quas
528 586 620 646 modo
636 585 823 655 enumeravi,
851 603 1015 664 quamquam

340 666 372 724 in
388 669 421 725 iis
437 665 545 726 nullas
561 669 638 727 ecies
656 667 766 729 virtutis
784 661 845 736 est,
865 680 966 725 tamen
977 668 1017 725 in·

341 746 455 805 tendum
472 690 657 806 conubmatur
671 744 763 818 fides,
784 747 808 803 si
823 760 873 804 aut
888 766 933 804 ars
949 767 1016 826 qua·

342 824 411 884 darn
431 827 607 901 adhibenir3
630 847 736 908 magna
759 827 838 886 enim
861 823 904 884 est
923 828 968 886 vis
989 826 1017 887 ad

341 905 591 987 persuadendum,
614 906 734 966 scienriae
746 923 828 993 :paut
847 905 936 980 usus;
961 907 1017 988 ple·

340 1008 461 1127 putrique
490 992 570 1051 enirn
595 987 719 1049 creditur
739 987 803 1061 iia,
836 989 888 1068 qui
919 989 1018 1070 experti

338 1085 416 1128 unt.

340 1161 342 1165 ·
384 1148 453 1210 XX.
471 1149 550 1210 Facit
563 1150 650 1210 etiam
664 1149 816 1208 necessitas
833 1147 948 1222 fidem,
966 1170 1019 1231 qua

342 1248 431 1309 quum
445 1252 462 1289 a
474 1231 664 1310 corporibus,
687 1245 749 1287 turn
763 1229 801 1288 ab
814 1231 922 1288 animis
941 1230 1020 1289 nasci·

342 1327 397 1370 tur.
425 1309 503 1369 Nam
522 1313 554 1371 &
570 1309 759 1382 verberibus,
776 1311 955 1384 tormentis,
971 1313 1021 1389 igni

271 1431 273 1434 ψ
342 1389 473 1472 fatigati,
491 1413 554 1472 quae
579 1393 694 1463 dicunt,
722 1411 756 1451 ea
779 1389 902 1451 videtur
928 1395 1021 1454 veritas

341 1469 403 1550 ipsa
421 1471 515 1533 dicere
527 1493 537 1546 ;
563 1473 617 1546 δι,
640 1492 703 1551 quae
724 1493 740 1530 a
763 1471 1020 1550 perturbationibus

343 1554 431 1611 animi
441 1550 522 1626 sunt,
540 1552 661 1625 dolore,
677 1551 851 1630 cupiditate,
866 1553 1020 1626 iracundia,

344 1649 425 1692 metu
438 1678 449 1707 ,
468 1637 534 1713 quia
546 1634 795 1701 necessitatisjvim
808 1632 924 1694 habent
936 1679 947 1708 ‚
961 1632 1019 1695 affe·

342 1730 410 1773 runt
424 1715 622 1774 audieritatem
638 1714 668 1772 δι
680 1711 779 1787 fidem.

384 1792 549 1874 75.*Cujus
569 1798 656 1856 etiam
679 1795 791 1874 generis
813 1792 865 1853 illa
887 1792 975 1870 sunt,
993 1814 1019 1855 ex

342 1874 446 1954 quibus
478 1894 580 1935 verum
612 1871 833 1954 nonnumquam
863 1877 1020 1949 invenior,

343 1956 484 2034 pueritia,
505 1954 642 2028 somnus,
659 1952 871 2034 imprudentia,
892 1956 1020 2017 vinolen·
1051 1952 1054 1959 ’

252 2093 255 2098 .
343 2033 528 2107 tia,insania.
556 2034 634 2097 Nam
651 2034 1020 2174 &puerisaepeindicave
1053 2028 1058 2043 ⁴

343 2132 410 2173 runt
423 2115 549 2194 aliquid,
572 2116 609 2175 ad
628 2137 686 2197 quo
722 2119 904 2196 pertineret,
924 2119 1020 2200 ignari:

344 2196 442 2276 &per
455 2195 605 2268 somnum,
623 2201 740 2267 vinum,
759 2195 925 2274 insaniam,
944 2199 1019 2259 muita

343 2275 420 2356 saepe
441 2277 582 2358 patesasia
598 2277 670 2338 sunt.
711 2277 801 2336 Multi
825 2282 917 2340 etiam
939 2283 968 2339 in
985 2300 1019 2340 res

344 2358 458 2418 odiosas
467 2359 672 2440 imprudentes
686 2359 849 2418 inciderunt
857 2407 867 2435 ,
885 2379 920 2421 ut
934 2361 1019 2422 Stale-

344 2459 383 2498 no
398 2458 491 2520 nuper
503 2440 624 2511 accidit3
638 2441 686 2520 qui
699 2459 733 2499 ea
743 2439 857 2503 locutus
871 2441 934 2516 est,
948 2443 1019 2504 bonis

343 2522 410 2578 viris
419 2519 703 2594 subauscultantibus,
714 2524 825 2600 pariete
834 2525 1020 2605 interposito,

344 2599 446 2679 quibus
458 2600 606 2679 patesasiis
615 2603 669 2673 ,in
681 2598 878 2684 judiciumque
894 2607 1021 2684 prolatis,

278 2708 280 2713 ·
343 2681 386 2740 rei
399 2682 525 2761 capitalis
536 2681 596 2759 jure
608 2681 756 2740 damnatus
766 2680 816 2744 est.
848 2684 932 2744 Huic
942 2685 1022 2746 simile

344 2759 482 2842 quiddam
501 2761 538 2824 de
554 2762 779 2825 Lacedaemonio
791 2762 936 2827 Pausania
946 2785 1022 2828 acce·

345 2862 451 2924 prmus.

290 2949 294 2958 ·
384 2925 435 2995 76.
461 2921 621 2986 Concursio
642 2942 738 2986 autern
756 2921 948 2989 fortuitorum
970 2927 1024 2989 talis

346 2999 407 3082 est,
432 3023 482 3082 ut,
504 3009 527 3068 si
545 3009 740 3072 interventum
758 3002 800 3067 est
825 3007 916 3083 casu,
943 3029 1027 3096 quun
