2400 4067
438 458 754 533 Ounnon
862 464 944 551 μγ

249 568 333 634 nim?
356 569 483 634 Primum
503 594 575 657 ergo
587 577 690 657 origo,
714 571 820 635 deinde
840 573 939 648 causa,

251 651 322 735 post
344 670 464 729 natura,
481 671 544 715 tum
563 656 600 715 ad
617 674 781 716 extremum
799 654 862 715 ulus
881 654 941 735 ipse

253 753 295 794 ex
318 735 418 794 licetur
441 737 579 796 orationis
602 753 696 818 aptae,
726 754 812 817 atque
833 755 941 795 nume·

253 756 338 877 rodda.
364 814 441 875 Nam
454 818 503 898 qui
521 815 676 878 Isocratem
693 817 818 877 maxime
832 819 944 877 miran-

254 911 325 970 tur,
345 896 403 956 hoc
424 900 453 956 in
466 894 529 976 ejus
545 895 661 958 summis
676 897 806 958 laudibus
825 897 942 972 ferunt,

254 976 339 1058 quod
354 977 451 1038 verbis
463 977 562 1038 solutis
573 999 711 1040 numeros
721 980 829 1061 primus
839 975 945 1059 adjun-

249 1059 344 1119 ⁴xerit.
376 1057 482 1138 Quum
493 1061 571 1120 enim
582 1059 714 1135 videret,
732 1077 863 1121 oratores
876 1078 944 1119 cutn

256 1136 412 1200 severitate
432 1139 542 1214 audiri,
560 1145 665 1221 poetas
684 1158 782 1202 autent
796 1161 863 1200 cunt
884 1161 946 1201 vo·

250 1218 398 1301 duptate:
428 1237 491 1280 tum
515 1221 619 1281 dicitur
647 1242 785 1283 numeros
810 1221 944 1297 secutus,

254 1301 363 1381 quibus
380 1303 467 1361 etiam
486 1302 516 1361 in
533 1305 665 1363 oratione
675 1320 841 1376 uteremur,
854 1322 944 1384 quum

255 1377 443 1462 jucunditatis
457 1379 562 1456 cauli,
582 1400 646 1442 tum
662 1399 694 1442 ut
705 1385 828 1445 varietas
837 1404 956 1445 occur··

257 1477 336 1523 reret
345 1460 475 1522 satietati.

306 1542 944 1625 175..Quodabhisverequadamexparte·‚

258 1645 323 1685 non
335 1639 449 1697 totum,
468 1623 580 1684 dicitur.
608 1623 845 1684 Nam-neminem
862 1627 892 1683 in
905 1645 944 1685 eo

253 1724 369 1787 genere
385 1703 516 1765 scientius
527 1702 670 1766 versatum
683 1703 832 1779 Isocrate,
852 1702 947 1765 confi-

256 1785 380 1846 tendum
397 1784 439 1845 est
458 1806 466 1844 ι
490 1783 540 1845 sed
558 1786 693 1866 princeps
710 1785 877 1845 inveniendi
890 1784 945 1846 fuit

250 1863 513 1948 Thrasymachus3
532 1863 611 1946 cujus
635 1868 734 1928 omnia
755 1868 838 1926 nimis
856 1869 945 1928 etiam

258 1944 371 2008 exstant
388 1947 490 2028 scripta
508 1948 676 2008 numerose.
703 1946 785 2007 Nam
798 1954 845 2024 (ut
856 1948 944 2028 paulo

251 2028 326 2095 ante
341 2027 412 2101 dixi)
428 2031 507 2109 paria
519 2028 635 2109 paribus
652 2025 802 2108 adjundla‚
817 2029 849 2088 &
864 2031 947 2088 simi·

249 2109 324 2170 ·liter
346 2106 489 2181 delinita,
519 2111 649 2189 itemque
679 2109 829 2168 contrariis
854 2108 959 2171 relata.

248 2191 420 2263 -eontraria,
439 2197 502 2270 quae
515 2188 563 2247 sus
576 2187 679 2268 sponte
696 2186 830 2267 (etiamsi
843 2186 872 2245 id
882 2209 944 2249 non

249 2272 348 2352 agas)
368 2271 474 2329 cadunt
485 2269 655 2348 plerumque
672 2268 846 2341 numerose,
860 2265 945 2329 Gor.-

248 2357 319 2434 ·gias
329 2353 437 2430 primus
447 2351 579 2410 invenit:
595 2348 646 2408 sed
654 2347 698 2407 his
707 2345 747 2407 est
756 2344 818 2407 usus
832 2348 944 2409 intem-

249 2434 413 2514 perantius.
448 2429 484 2489 Id
500 2447 597 2489 autem
623 2425 664 2489 est
690 2448 783 2510 genus
799 2472 816 2498 ‚,
827 2446 859 2487 ut
875 2431 943 2490 antd

246 2511 366 2574 -dittum
381 2510 434 2584 ell,
452 2531 488 2571 ex
500 2510 591 2570 ttibus
602 2509 732 2592 partibus
744 2508 945 2573 collocationis

249 2593 390 2655 alterum.
461 2645 466 2651 .

247 2712 253 2720 -
303 2673 373 2750 176..
395 2673 511 2733 Horum
531 2689 662 2754 uterque.
678 2669 834 2731 isocratetn
861 2689 945 2734 aetate

237 2807 242 2817 .
256 2754 406 2836 praecurrit
423 2774 431 2811 ι
456 2771 489 2812 ut
507 2774 559 2813 eos
575 2753 624 2813 ille
637 2752 860 2824 moderatione,
882 2774 944 2814 non

247 2832 430 2894 inventione
448 2834 559 2892 vicerit.
590 2829 638 2889 13st
651 2835 750 2907 enim,
767 2846 799 2890 ut
810 2834 838 2889 in
849 2847 951 2892 trans·

257 2909 407 2982 ferendis,
428 2908 622 2990 faciendisque
640 2911 737 2972 verbis
754 2911 944 2991 tranquillior,

246 2990 426 3073 ,sisinisssis
437 2991 568 3069 numeris
577 2988 721 3054 sedatioua
743 2988 951 3074 Gorgiasaauf
