2400 4067
318 384 394 455 270
444 365 519 431 Du
544 365 885 430 sussurim
952 366 956 371 ·

358 476 408 555 63.
428 476 526 556 Atque
542 475 602 533 hoc
616 494 676 532 non
693 473 820 533 alienum
839 470 909 546 est,
933 471 1007 553 qubd

317 557 356 618 ad
369 558 459 617 multa
475 557 638 638 pertineat,
659 570 760 613 neam
777 551 947 634 nusquam,
964 570 1011 612 aut

317 637 518 719 usquequaque
536 636 665 707 dicatur,
682 634 728 694 hic
745 635 927 694 admonere.
941 633 1013 694 Sunt

320 717 426 792 eausae,
442 739 506 799 quae
519 717 616 797 plures
629 714 736 775 habent
749 717 884 775 rationes
898 717 930 775 iu
946 717 1009 774 sim·

320 800 387 881 plici
407 797 608 858 constitutione
629 817 636 856 :
656 796 736 876 quod
756 794 815 869 fit,
839 817 939 876 quum
962 795 1012 869 id,

321 879 401 960 quod
421 877 538 938 fadum
550 875 615 950 est,
642 893 690 935 aut
713 876 795 957 quod
819 875 1013 950 defenditur,

321 959 449 1041 pluribus
470 958 507 1018 de
523 960 613 1017 causis
633 956 766 1030 redium,
790 971 841 1016 aut
863 955 1015 1038 probabile

322 1039 415 1102 videri
435 1037 549 1119 potest,
569 1055 601 1096 ut
620 1042 649 1096 in
667 1038 720 1096 hac
736 1035 799 1118 ipsa
816 1036 916 1098 causa.
939 1036 1013 1118 Sup-

345 1137 449 1178 onatur
475 1121 553 1179 enim
577 1119 614 1177 ab
640 1118 796 1178 heredibus
821 1117 890 1178 hac
913 1120 1015 1178 ratio:

323 1141 420 1259 binius
444 1203 524 1261 enim
549 1201 678 1279 pecuniae
704 1199 802 1281 plures
829 1198 1015 1259 dissimilibus

325 1281 363 1342 de
381 1283 472 1340 causis
491 1279 615 1340 heredes
634 1276 689 1339 effe
708 1300 770 1339 uon
834 1274 940 1354 liunt,
966 1298 1015 1339 uec

324 1383 464 1443 umquam
479 1359 584 1422 fadum
604 1358 664 1433 est,
687 1375 719 1419 ut
737 1356 875 1439 ejudem
890 1359 1016 1441 pecunia

326 1443 397 1504 alius
412 1439 606 1513 testamento,
623 1440 692 1500 alius
707 1441 771 1522 lege
788 1439 880 1500 heres
900 1437 982 1501 effet.

369 1524 418 1597 64.
445 1520 606 1582 Infirmatio
632 1538 730 1580 autem
752 1520 815 1580 haec
839 1520 901 1580 erit
921 1542 932 1583 z
950 1518 1016 1580 Nou

327 1600 369 1663 est
390 1625 448 1663 una
469 1604 613 1684 pecunia,
638 1619 796 1682 propterea
824 1599 911 1680 qubd
934 1601 1018 1661 altera

326 1681 387 1763 jam
409 1701 471 1745 erat
491 1682 593 1763 pupilli
615 1681 800 1742 adventitia:
824 1678 914 1760 cujus
937 1681 1015 1742 heres

328 1785 390 1823 non
406 1809 414 1836 ,
429 1764 479 1822 illo
494 1767 688 1842 intempore,
703 1764 732 1821 in
743 1759 927 1822 testamento
939 1766 1016 1844 quis·

217 1851 220 1855 '
349 1865 415 1902 uam
434 1846 554 1923 lcriptus
573 1860 658 1914 erat,
679 1846 701 1904 si
717 1842 786 1924 quid
804 1842 927 1923 pupillo
944 1843 1017 1905 acci·

329 1865 411 1985 dillet
432 1945 438 1982 :
461 1924 493 1984 δι
516 1924 553 1983 de
574 1924 688 1997 altera,
714 1925 801 2006 patris
825 1926 920 1985 etiam
945 1942 1016 1985 nuuc

329 2008 437 2065 mortui
456 2005 592 2065 voluntas
611 2005 767 2085 plurimum
780 2003 931 2080 valebat,
959 2025 1017 2086 que

328 2081 390 2166 jum
407 2104 523 2145 mortuo
537 2087 648 2166 pupillo
668 2085 721 2144 suis
736 2085 897 2145 heredibus
915 2106 1019 2146 conce·

332 2166 430 2226 debat.
448 2166 589 2227 ludicatio
607 2164 648 2225 est
664 2188 671 2224 ε
689 2164 795 2224 Unane
814 2168 944 2245 pecunia
959 2165 1019 2225 fue·

331 2249 378 2308 sit.
402 2248 488 2321 Aut,
511 2250 533 2306 si
553 2248 606 2306 hac
629 2263 711 2307 erunt
732 2249 776 2304 usi
798 2244 1018 2319 infirmatione,

331 2327 415 2389 Posse
439 2330 535 2409 plures
556 2327 611 2387 elle
636 2329 718 2385 unius
741 2326 865 2386 heiedes
890 2330 1019 2408 pecuniae

333 2408 512 2469 dissimilibus
531 2407 568 2468 de
586 2411 698 2481 causis;
720 2406 756 2467 de
773 2427 809 2466 eo
829 2405 894 2487 ipso
915 2407 1022 2487 judica-

296 2502 297 2505 ’
331 2491 375 2548 sio
402 2487 546 2546 nascitur:
566 2486 718 2546 Possintne
741 2484 871 2567 ejusdem
893 2492 1020 2568 pecunie

330 2567 429 2649 plures
446 2567 625 2626 dissimilibus
641 2568 794 2650 generibus
812 2566 869 2628 effe
886 2569 1022 2630 heredes.

375 2645 472 2707 XXII.
493 2646 571 2729 Ergo
588 2669 646 2706 una
663 2650 692 2706 in
710 2648 920 2712 constitutione
940 2650 1022 2710 intel-

332 2727 440 2790 ledum
456 2724 517 2799 est,
537 2730 689 2808 quomodo
708 2729 741 2787 δι
754 2732 906 2805 sationes,
928 2732 962 2790 ὃ(
980 2752 1024 2789 ra-

332 2811 447 2870 tionum
464 2807 690 2884 infirmationes‚
708 2809 896 2891 &praeterea
912 2808 1024 2890 judicu·

333 2892 430 2955 tiones
456 2890 552 2974 plures
577 2888 657 2951 fiant.
684 2889 769 2951 Nunc
797 2888 883 2973 hujus
909 2895 1026 2977 generis
