2400 4067
305 502 381 577 252
437 484 512 554 Dr
536 485 875 558 Inrrnrrone·

304 600 406 675 cuses,
427 599 624 662 demonstrare
638 622 699 661 non
714 603 831 683 possis;
851 600 914 664 aliis
931 599 1006 664 affi-

303 704 373 743 nem
395 680 452 743 esse
470 684 548 742 vitiis
567 683 698 758 doceas,
722 683 755 743 ὃ(
776 704 812 744 ex
829 703 864 743 ea
880 703 914 744 re
933 704 1001 744 non

304 761 362 825 effe
380 763 564 838 mirandum,
585 766 678 845 quiin
694 764 743 824 illa
761 785 792 825 re
808 766 924 845 turpis,
947 779 1000 824 aut

304 845 448 926 cupidus,
468 863 516 905 aut
529 845 662 925 petulans
677 844 783 919 fuerit,
801 845 855 905 hac
872 864 1000 927 quoque

303 926 336 986 in
354 947 386 987 re
407 947 475 986 eum
497 924 655 1007 deliquisse.
680 925 831 1007 Quantum
851 927 933 985 enim
954 926 996 987 de

303 1005 455 1068 honestate
467 1008 498 1067 &
510 1007 683 1067 autioritate·
691 1004 773 1086 ejus,
810 1009 838 1066 ui
848 1009 998 1089 arguitur,

303 1087 464 1161 detradlum
495 1086 557 1161 est,
585 1088 768 1149 tantumdem
790 1029 831 1148 de
854 1087 998 1151 facultate

306 1172 396 1230 totius
409 1168 449 1229 est
466 1168 643 1230 defensionis
656 1169 838 1229 diminutum.
898 1222 900 1225 ,

349 1268 396 1328 34.
410 1248 440 1309 Si
451 1250 521 1308 nulli
533 1248 624 1309 affinis
637 1252 746 1330 poterit
761 1251 834 1310 vitio
848 1270 913 1310 reus
925 1250 1012 1310 ante.

306 1329 425 1391 admillo
439 1329 630 1391 demonstrari
643 1352 650 1389 ε
663 1332 745 1391 locus
759 1331 912 1391 inducetur
925 1330 994 1406 ille,

304 1432 357 1493 per
371 1433 458 1494 quem
472 1412 614 1472 hortandi
629 1408 739 1490 judiees
754 1429 862 1485 erunt,
884 1427 917 1470 ut
935 1431 996 1472 ve-

304 1510 398 1553 terem
412 1494 520 1554 famam
532 1493 658 1571 hominis
670 1493 741 1552 nihil
754 1492 790 1553 ad
808 1514 872 1552 rem
886 1508 996 1573 putent

303 1577 450 1656 pertinere
468 1596 561 1634 :nam
584 1596 654 1634 eum·
676 1575 742 1633 ante
766 1570 891 1646 celeste,
913 1594 996 1646 nune·

304 1654 455 1716 manifesti>
467 1658 576 1716 teneri:
590 1676 751 1737 quarenon
764 1672 903 1736 oportere
916 1654 998 1715 hanc·

304 1756 368 1796 rem
382 1758 418 1797 ex
429 1735 567 1817 superiori
579 1740 639 1797 vita
652 1735 789 1817 spetlum,
803 1736 852 1797 sed
863 1734 893 1795 su
917 1738 1001 1796 erio-

305 1837 369 1877 rem
389 1819 481 1877 vitam
500 1839 536 1878 ex
555 1819 610 1877 hac
630 1838 661 1877 re
678 1818 859 1898 improbari,
886 1757 920 1877 g
942 1834 995 1878 aut

304 1896 479 1979 potestatem
498 1900 563 1958 ante
580 1899 720 1979 peccandi
735 1921 796 1959 non
813 1896 918 1972 tuille,
942 1915 995 1960 aut

271 1991 275 1999 '
305 1977 428 2038 causam.
450 1978 535 2054 Aut,
558 1982 581 2038 si
598 1981 664 2038 haec·
680 1980 737 2039 dici
748 2001 809 2041 non
827 1995 995 2061 poterunt,

305 2059 461 2119 dicendum
481 2063 534 2120 erit
554 2060 623 2119 illud
644 2078 829 2135 extremum,
850 2080 912 2120 uon
933 2058 993 2121 elle

304 2143 409 2201 mirum
424 2186 438 2215 ,v
458 2142 481 2200 si
493 2162 568 2201 nune
587 2142 712 2223 primbm
732 2142 883 2224 deliquerit
897 2162 910 2199 ι’
921 2162 994 2202 nam

304 2220 417 2282 neceffe
430 2220 471 2282 est
484 2267 494 2295 ,
515 2244 580 2283 eum
595 2269 607 2297 ,
627 2226 675 2305 qui
687 2224 758 2284 velit
771 2242 914 2305 peccare,
936 2223 999 2283 ali·-

305 2303 423 2383 quando
438 2306 561 2384 primirm
582 2304 759 2385 delinquere.
782 2305 832 2366 Sin
845 2307 905 2363 vita
922 2306 995 2366 ante·

305 2384 367 2444 alla
380 2384 578 2466 ignorabitur,
600 2386 738 2446 hocloco
759 2389 904 2468 praeterito
919 2430 929 2459 ‚
955 2386 993 2446 δι’

304 2486 356 2524 cur
367 2484 568 2544 praetereatur,
584 2465 800 2541 demonstrato,
815 2469 993 2549 argumentis

303 2544 518 2605 accusationem·
531 2544 625 2605 statim
640 2546 809 2608 confirmare
828 2548 997 2631 oportebit*

346 2624 401 2684 XI.
415 2624 562 2686 Defensor
577 2645 672 2687 autem
689 2631 812 2708 primirm
827 2675 836 2703 ‚
858 2631 887 2687 si·
898 2648 993 2709 pote-

304 2705 358 2776 rit,
373 2704 490 2765 debebit
500 2710 591 2768 vitam
605 2706 683 2786 ejus,
699 2711 746 2788 qui
760 2710 994 2786 insimulabitur,

304 2785 394 2863 quim·
411 2786 639 2849 honestis-simam
659 2788 866 2851 demonstrare.
887 2789 921 2850 ld
943 2790 993 2851 fa-

303 2866 383 2937 ciet,
399 2868 423 2923 si
435 2867 567 2929 ostendet
577 2870 613 2928 ali
635 2892 670 2927 ua
683 2867 744 2949 ejus
757 2889 849 2945 nota,
865 2872 898 2933 &
908 2894 995 2932 com·

303 2948 401 3009 munia
418 2947 536 3023 officia3
557 2891 636 3032 quod
654 2972 766 3033 genus,
785 2957 815 3013 in
833 2972 995 3035 parentes,

186 3044 474 3270 Qum
495 3053 628 3107 amicos,
651 3031 774 3112 affines,
796 3033 999 3098 necessariora
