2400 4067
287 723 349 776 An
377 703 643 774 Hanrnnr-rsrr
662 687 706 774 ἰ.
732 706 787 776 II.
837 726 885 801 53

202 823 317 874 omnibus
326 825 363 874 liis
373 825 444 874 rebus
455 825 644 873 antecelluntur.
654 821 755 872 Tertius
765 824 833 873 locus
845 825 888 880 eli,

202 915 253 962 qno
268 897 467 969 percundlamur,
486 897 542 963 quid
553 896 584 945 sit
595 907 757 955 eventurum,
775 898 794 946 si
810 899 888 946 omni-

202 971 248 1019 bus
259 971 323 1020 idem
335 971 484 1020 concedatur
498 987 505 1019 ι
519 969 544 1020 &
554 969 583 1018 ei
593 984 621 1018 re
631 968 739 1036 negledld
751 1001 759 1026 ‚
776 969 888 1020 ostende-

200 1060 273 1101 mus,
292 1043 348 1110 quid
363 1045 527 1109 periculorum
542 1055 584 1092 aut
600 1043 807 1091 incommodorum
824 1059 890 1092 cone

199 1114 320 1182 sequatur.
339 1116 449 1180 Quartus
468 1119 536 1166 locus
554 1115 607 1174 est,
626 1130 676 1181 'quo
694 1115 867 1166 demonstratur
879 1132 901 1176 ‚·

197 1182 290 1247 sinnic-
297 1191 332 1239 'sir
342 1189 460 1239 remilium
474 1224 481 1248 ,
500 1191 589 1238 multos
604 1189 734 1238 alacriores
751 1189 780 1237 ad
794 1188 887 1239 malefi-

197 1261 235 1309 cia
246 1261 360 1321 futuros,
377 1279 438 1328 quos
449 1264 527 1312 adhuc
541 1260 688 1327 exspedlatio
703 1258 787 1328 judicii
804 1279 886 1312 remo-

196 1346 273 1384 ratur.
287 1334 393 1398 Quintus
404 1338 473 1385 locus
484 1334 517 1385 est
529 1369 536 1393 ‚
551 1353 596 1402 per
607 1352 678 1400 quern
689 1335 849 1396 ostendimus,
864 1338 886 1386 si

196 1407 270 1457 semel
284 1409 354 1458 aliter
369 1408 500 1474 judicatum
511 1409 560 1466 sit,
579 1410 666 1458 nullam
676 1425 727 1458 rem
739 1409 810 1469 fore,
829 1429 884 1478 quae

195 1479 352 1546 incommodo
367 1482 479 1540 mederi,
501 1493 543 1531 aut
558 1493 664 1531 erratum
681 1480 786 1547 judicum
804 1485 885 1534 corri-

195 1569 256 1621 gere
275 1554 375 1619 possit:
395 1572 443 1620 quo
460 1555 485 1602 in
498 1555 556 1602 loco
572 1571 622 1603 non
639 1555 817 1604 incommodum
837 1559 883 1606 erit

194 1625 232 1676 uti
253 1639 388 1676 ceterarum
407 1642 488 1676 rernm
507 1626 705 1692 comparatione,
727 1638 754 1676 ut
773 1627 884 1676 ostendu-

196 1716 250 1749 mus
262 1732 269 1757 ,
287 1699 344 1748 alias
353 1691 391 1750 res
403 1698 467 1765 polle
478 1710 519 1748 aut
530 1697 648 1748 vetustate
659 1697 753 1759 sedari,
770 1712 812 1750 aut
822 1717 883 1751 con·

194 1773 250 1822 silio
270 1773 358 1840 corrigi
372 1788 379 1822 ε
394 1771 464 1838 hujus
478 1772 514 1821 rei
531 1784 573 1821 aut
590 1771 728 1832 leniendae,
746 1786 787 1823 aut
804 1776 881 1825 corri-

195 1845 282 1913 gendae
293 1847 382 1896 nullam
392 1863 442 1895 rem
452 1844 593 1911 adjumento
605 1846 717 1895 futuram.

233 1933 277 1983 49.
290 1920 377 1970 Sextus
389 1921 456 1970 locus
467 1919 500 1969 est
511 1952 519 1978 ‚
536 1936 608 1987 quum
619 1918 770 1970 ostendemus
781 1935 811 1969 ex
822 1937 881 1970 con·

194 1992 259 2042 fulto
275 1993 379 2052 fastum,
398 1993 541 2061 &dicemus
556 1993 693 2043 voluntario
708 1993 809 2043 facinori
823 1997 880 2044 nul·

194 2066 241 2112 lam
258 2066 455 2126 excusationem
477 2067 642 2132 imprudentiae
661 2066 742 2132 judam
761 2068 879 2134 depreca-

193 2138 286 2188 tionem
296 2153 410 2206 paratam.
427 2140 547 2206 Septimus
558 2141 625 2189 locus
637 2139 687 2197 est,
705 2157 753 2206 quo
766 2141 878 2191 ostende-

193 2207 245 2260 mus
257 2224 345 2263 tetrum
355 2213 446 2262 facinus
457 2247 464 2271 ,
481 2212 598 2270 crudele,
615 2213 749 2273 nefarium,
767 2215 878 2282 tyranni·

194 2301 248 2333 cum
267 2285 313 2335 elle
332 2303 339 2335 ι
358 2287 421 2352 quod
440 2302 537 2353 genus,
556 2284 650 2352 injuriae
668 2287 812 2344 mulierum,
833 2301 876 2338 ant

191 2372 276 2415 rarum
291 2376 372 2410 rerum
388 2361 496 2429 aliquid,
514 2376 614 2426 quarum
629 2375 710 2411 rerum
727 2359 798 2410 causi
812 2361 876 2410 bella

193 2431 369 2494 suscipiuntur,
390 2436 416 2482 ὃ(
433 2450 487 2482 cum
504 2433 608 2482 hostibus
626 2434 656 2481 de
673 2434 723 2482 vita
740 2434 874 2485 dimicatur.

194 2501 305 2551 Otlavus
318 2505 387 2552 lotus
398 2504 430 2551 est
442 2537 449 2560 ,
460 2519 512 2567 ¹quo
524 2504 684 2559 ostendimus,
698 2521 747 2551 non
758 2508 856 2570 vulgare
868 2539 876 2563 ,

192 2575 234 2624 sed
246 2574 366 2642 singulare
377 2575 422 2624 elie
434 2572 575 2623 maleficium
586 2607 593 2631 ,
606 2574 731 2637 spurcum,
743 2574 875 2633 nefarium,

190 2648 350 2706 inusitatum,
368 2646 415 2714 quo
426 2645 539 2696 maturius
554 2647 579 2696 ὃ(
590 2643 695 2695 atrocius
708 2646 876 2696 vindicandum
907 2678 910 2682 Δ

188 2724 229 2771 εἶτ.
248 2723 334 2772 Nonus
351 2724 419 2772 locus
439 2721 490 2779 est,
511 2720 551 2786 qui
568 2718 659 2769 constat
674 2736 704 2769 ex
720 2733 875 2786 peccatorum

190 2797 388 2860 comparatione,
410 2796 476 2861 quasi
494 2811 564 2860 quum
586 2795 711 2851 dicemus,
733 2794 807 2859 majus
827 2796 875 2846 olle

188 2867 330 2919 maleficium
350 2870 453 2934 stuprare
472 2870 618 2934 ingenuam,
640 2871 708 2933 quim
729 2868 818 2917 sacrum
838 2872 875 2918 lo-

189 2957 248 3008 gere
267 2940 351 3007 :quod
368 2959 468 3008 propter
484 2941 613 3009 egestatem
629 2944 749 2998 alterurn,
771 2946 872 2991 alterum

188 3027 290 3079 propter
299 3016 455 3080 imperantem
467 3016 599 3080 superbiam
609 3014 658 3063 frat.
677 3016 792 3064 Decimus
805 3019 872 3065 locus

189 3086 242 3143 est,
264 3103 307 3149 per
326 3105 394 3152 quem
415 3090 512 3145 omnin,
532 3107 584 3154 quae
603 3089 626 3136 in
645 3090 744 3153 nogotio
763 3092 871 3153 gerundo

188 3158 239 3208 ac‘la
256 3159 328 3216 sunt,
347 3179 445 3226 quaeque
458 3180 508 3212 rem
523 3162 636 3228 consequi
652 3162 746 3217 solent,
766 3178 872 3224 expone·

186 3248 240 3283 mus
257 3233 345 3282 acriter
361 3266 368 3291 ,
386 3234 410 3285 &
425 3234 570 3294 criminosi,
590 3236 615 3284 dc
627 3235 770 3301 diligenter,
791 3248 816 3282 ut
833 3240 871 3302 agi

694 3308 714 3355 C
736 3306 759 3371 iij
