2400 4067
451 460 482 526 Ο
508 479 534 527 n
558 478 584 528 A
611 478 634 527 r
661 479 684 527 0
712 478 749 526 n.
857 477 939 550 447

254 571 392 655 ambigua
407 572 587 657 distinguere.
619 575 702 656 Quid
723 576 817 634 dicatu
835 574 871 634 de
890 597 945 634 na·

254 669 321 713 tura
338 674 434 715 rerum
447 700 457 727 ,
472 653 551 736 cujus
571 658 702 738 cognitio
721 676 856 737 magnam
875 676 944 714 ora-

255 735 346 793 tionis
357 733 518 816 suppeditat
528 737 670 821 copiam?
692 737 728 799 de
738 739 817 808 vita,
829 735 866 795 de
876 733 942 795 offi-

255 814 327 886 ciis,
346 814 383 877 de
400 818 526 889 virtute,
546 817 583 879 de
600 817 750 890 moribus,
771 819 832 876 sine
849 816 942 875 multa

255 897 376 953 earumi
397 893 490 959 sar-utu
506 917 602 956 rerum
619 895 784 979 disciplina,
802 914 851 957 aut
864 895 919 961 dici
928 939 948 968 ,

254 992 305 1034 aut
315 977 374 1035 inte
397 978 434 1058 gi
446 974 566 1062 potest?

296 1053 339 1113 V.
358 1053 408 1116 Ad
421 1057 472 1125 has
490 1074 535 1118 tot
548 1055 698 1139 tantasque
714 1076 762 1118 res
776 1055 946 1119 adhibenda

253 1133 319 1194 sunt
337 1154 508 1203 ornamenta
523 1137 766 1212 innumerabilia,
792 1159 856 1220 quae
880 1137 941 1196 sola

253 1232 319 1275 tum
341 1218 459 1298 quidem
486 1219 674 1280 tradebantur
694 1219 803 1292 abiis,
824 1220 873 1299 qui
894 1217 940 1276 di·

254 1296 341 1357 cendi
359 1299 582 1363 numerabantur
594 1297 730 1383 magistri.
754 1298 827 1383 Qub
837 1297 890 1371 fit,
907 1314 942 1357 ut
996 1334 1000 1343 ·

252 1396 356 1437 veram
378 1378 491 1451 illam,
505 1380 538 1439 &
560 1379 720 1440 absolutam
742 1380 789 1439 elo
831 1381 940 1443 entiam

252 1477 344 1518 nemo
361 1457 567 1539 consequatur,
583 1459 665 1540 qubd
676 1459 832 1518 aliainteli
852 1457 939 1543 endi,

253 1537 311 1596 alia
326 1537 442 1599 dicendi
458 1537 605 1620 disciplina
617 1536 682 1612 est3
702 1539 735 1599 &
757 1538 793 1599 ab
841 1541 873 1597 ”s
890 1557 948 1598 re·-

253 1639 349 1692 rum,
380 1619 417 1679 ab
438 1619 499 1679 aliis
524 1619 684 1682 verbomm
704 1616 834 1681 doctriua
861 1638 948 1700 quar·

252 1716 334 1758 ntur.

298 1779 344 1840 18.
367 1776 468 1860 ltaque
487 1778 534 1840 M.
552 1777 722 1853 Antonius,
746 1779 792 1841 cui
810 1777 860 1840 vel
881 1779 941 1860 pri·

252 1879 316 1919 mas
330 1859 508 1943 eloquentiae
520 1878 637 1943 patrum
653 1857 817 1925 nostrorum
827 1859 940 1927 tribue-

253 1939 304 1999 bat
325 1958 417 2015 aetas,
441 1943 486 2002 vir
507 1942 609 2004 natural
634 1957 788 2023 peracutus
813 1941 846 2002 δι
867 1963 947 2021 pru-

254 2018 346 2095 dens,
365 2023 396 2083 in
413 2042 451 2082 eo
469 2021 567 2094 libro,
589 2042 679 2105 quent
696 2042 786 2085 unum
805 2021 941 2103 reliquit,

253 2092 365 2179 disertos
384 2104 423 2162 ait
441 2101 470 2161 se
490 2099 591 2165 vidilie
609 2102 718 2163 multos
734 2145 746 2172 ,
777 2102 819 2161 elo
836 2121 939 2170 nentem

253 2182 375 2241 omniuo
397 2181 557 2243 nerninem.
589 2177 740 2243 Insidebat
754 2125 892 2241 videlicet
909 2181 941 2239 in

254 2257 317 2337 ejus
336 2274 437 2319 niente
446 2256 554 2341 species
567 2258 740 2337 eloquentiae
753 2300 763 2329 ,
782 2277 943 2336 quamcer⁴

254 2339 344 2399 nebat
357 2339 472 2410 animo,
487 2357 519 2397 re
529 2334 659 2422 ipsduon
677 2335 806 2397 videbat.
826 2335 881 2396 Vir
892 2357 945 2395 au-

254 2437 316 2479 tem
326 2420 467 2479 acerrimo
477 2419 506 2477 in
529 2419 610 2488 enio,
625 2418 665 2477 sic
679 2417 759 2476 enim
768 2413 945 2488 fuit,.mu1tai

256 2501 288 2559 ὃ(
306 2502 336 2558 in
354 2496 383 2558 se
404 2499 436 2562 δι
452 2501 482 2560 in
501 2437 562 2559 aliis
582 2495 770 2569 desiderans,
793 2498 941 2559 neminem

254 2580 361 2659 plani,
379 2580 429 2663 qui
440 2578 517 2644 reue
527 2576 665 2661 appellari
677 2577 817 2659 eloquens
827 2574 939 2659 pollet,

252 2660 381 2721 videbat.

299 2760 343 2817 19.
361 2740 454 2818 Qubd
470 2742 492 2799 si
505 2740 553 2800 ille
565 2761 620 2800 nec
630 2738 676 2813 se,
691 2759 745 2803 uec
757 2737 792 2798 L.
808 2735 938 2799 Crassum

256 2820 443 2898 eloquentem
453 2823 566 2900 putavit
577 2841 587 2892 3
600 2820 699 2879 habuit
711 2817 845 2899 prufedlb
859 2839 946 2876 com-t

255 2898 426 2978 prehensam
447 2903 545 2961 animo
563 2898 718 2979 quamdam
733 2898 858 2958 sormam
875 2896 945 2955 elo·-

254 2980 404 3060 quentiae,
429 2981 475 3041 cui
495 2981 632 3061 quoniam
650 2978 720 3039 nihil
736 2978 853 3053 deerat,
869 2996 944 3052 eos,
