2400 4067
370 478 446 548 216
494 473 567 546 Du
601 478 934 548 Jur‘nnrronr

368 590 464 673 potest
481 591 625 652 infirmari.
649 588 747 686 Atque
769 610 805 650 ea
826 591 948 670 quidem
975 613 1062 674 argu·

369 690 486 747 menta,
508 695 571 755 quae
596 692 676 753 quast
698 668 859 752 probabilia
880 670 1057 747 sumuntur,

368 754 406 814 ad
422 756 497 813 hunc
515 753 638 812 modum
653 752 757 811 tentari
771 753 931 832 oportebit„

409 833 516 894 XLV.
538 833 616 913 Quae
637 832 710 892 vero
733 834 812 891 sicuti
833 830 991 893 neceffaria
1011 836 1055 893 in-

368 916 508 974 ducentur
525 956 535 987 ,
554 934 589 974 ea
614 915 636 972 si
656 911 730 971 forte
742 912 939 988 ¹imitabuntur
961 915 1053 974 modo

367 992 550 1055 neceffariam
559 993 853 1075 argumentationem,
863 1013 963 1073 neque
973 1011 1054 1055 erunt

368 1074 560 1153 ejusmodi,sic
570 1072 828 1156 reprehendentur.
835 1071 968 1134 Primum
978 1096 1054 1135 com·

367 1156 465 1236 plexio
481 1200 491 1228 ,
506 1178 602 1236 quae,
623 1172 718 1214 utrum
739 1151 910 1214 concefferis
932 1198 943 1229 ,
966 1155 1052 1216 debet

367 1236 492 1309 tollere,
508 1240 531 1294 si
546 1256 617 1295 vera
636 1232 695 1307 est,
714 1254 873 1316 numquam
891 1236 1052 1314 reprehenss

368 1317 451 1377 detur
468 1337 477 1389 ;
493 1320 535 1375 sin
549 1314 636 1389 falsa,
650 1314 764 1375 duobus
778 1315 895 1387 modis,
915 1332 966 1374 aut
980 1337 1050 1375 con·

366 1400 527 1470 versione,
545 1414 593 1456 aut
608 1396 724 1456 alterius
781 1399 828 1455 rtis
845 1394 1047 1458 infirmatione.

368 1476 593 1551 Conversione,
613 1477 671 1537 hoc
686 1417 796 1537 modd:

367 1611 429 1661 Nam
441 1610 460 1663 si
471 1624 580 1667 veretur,
592 1611 648 1676 quid
658 1627 711 1659 eum
720 1608 817 1658 accuses
827 1640 834 1667 ,
844 1606 884 1675 qui
894 1607 927 1658 est
937 1609 1046 1676 probus!

367 1683 408 1734 Sin
420 1684 607 1733 inverecundum
618 1682 689 1732 animi
698 1683 819 1746 ingenium
829 1682 956 1747 possidet,

368 1756 437 1822 Quid
448 1774 503 1807 eunt
515 1754 628 1813 accuses,
642 1755 681 1821 qui
691 1755 714 1803 id
725 1754 792 1820 parvi
804 1753 885 1801 auditu
896 1753 1024 1808 aestitnet?

368 1876 444 1949 Hic,
461 1877 522 1935 sive
536 1874 630 1933 vereri
645 1872 766 1942 dixeris,
779 1873 840 1930 sive
857 1892 918 1931 non
932 1877 1045 1947 vereri,

365 1954 595 2015 concludendum
617 1952 673 2011 hoc
695 1968 796 2033 putat,
821 1967 852 2009 ut
873 1972 969 2035 neges
992 1953 1044 2030 esse

365 2033 558 2095 accusandum.
572 2031 665 2112 Quod
680 2034 872 2110 conversione
888 2035 928 2091 sic
946 2054 978 2095 re
1001 2056 1044 2095 re·

362 2112 708 2176 hendetur:1mmoverb
720 2111 889 2171 accusandus
899 2112 952 2173 est.
998 2136 1042 2175 ant

363 2198 386 2255 si
402 2210 540 2268 veretur,
558 2193 696 2254 accuses:
716 2215 776 2253 non
794 2194 872 2253 enim
892 2198 977 2274 parvi
994 2217 1043 2255 uu·

363 2276 423 2335 ditu
432 2273 587 2335 estimabit.
597 2273 648 2335 Sin
657 2274 883 2334 inverecundum
894 2278 983 2335 animi
995 2280 1041 2336 in·

363 2360 480 2440 genium
489 2356 635 2437 possidet,
645 2353 878 2417 tamenaccuses:
893 2360 1043 2417 nonenim

362 2440 471 2519 probus
489 2435 538 2495 est.
556 2437 682 2496 Alterius
701 2437 898 2572 autemfartis
914 2434 1044 2497 infirma·

362 2522 462 2590 tione,
481 2516 538 2573 hoc
553 2516 644 2574 modo
660 2516 799 2594 reprehen
822 2535 883 2574 etur
900 2538 907 2575 :
927 2515 1043 2578 Vetitm

362 2600 385 2654 si
403 2612 536 2667 veretur,
554 2594 732 2654 acculutione
754 2595 803 2654 tuit
821 2595 987 2673 comedim,
1008 2602 1045 2661 ab

361 2692 456 2735 errato
474 2674 600 2734 recedet.

404 2755 452 2828 84.
473 2754 660 2814 Enumeratio
681 2754 781 2815 vitiosa
802 2756 968 2840 intedigitur
992 2806 1002 2835 ,
1023 2762 1044 2821 si

361 2853 410 2896 aut
435 2836 607 2915 praetetitum
628 2835 764 2915 quiddam
786 2836 939 2914 dicemus,
963 2842 1042 2922 quod

361 2916 483 2977 velimus
504 2915 685 2988 concedere,
703 2935 749 2975 aut
766 2915 912 2977 infirmum
938 2921 1043 3004 aliquid

359 3014 595 3073 annumeratum,
607 2997 687 3080 quod
697 3016 744 3058 eut
755 2996 854 3060 contri
866 2999 923 3061 dici
936 3007 1043 3085 possit,

1003 3099 1048 3145 aut
