2400 4067
240 457 745 528 RuaronacALrn.l1¹.
796 465 871 553 265

186 571 308 636 Deinde
336 571 418 651 hujus
444 570 624 630 confirmatio
652 573 816 649 ¹similibus,
845 579 877 636 ὃ(

190 675 276 714 exem
297 654 330 712 lis
348 654 380 713 &
396 652 561 712 rationibus.
580 650 683 712 Postea
702 651 742 711 sui
759 654 825 715 fatti
841 657 876 716 ab

188 735 240 795 illa
269 676 434 794 definitione
465 731 615 813 separatio.
649 731 769 795 Deinde
798 736 878 795 locus

188 817 381 888 communis,
407 833 459 895 per
481 833 570 897 quem
592 811 659 873 fatti
681 813 807 890 utilitas,
831 833 881 876 aut

191 892 325 970 honestas
345 894 509 976 adaugetur.

238 974 283 1054 56.
300 970 421 1035 Deinde
440 971 563 1054 sequitur
577 969 808 1035 adversariorum
827 975 880 1035 de-

189 1049 329 1130 finitionis
348 1053 532 1136 reprehensio
549 1100 559 1128 ,
581 1076 645 1135 quae
662 1053 762 1115 iisdem
773 1077 816 1133 'ex
833 1057 880 1116 lo·

191 1139 233 1211 ¹cis
255 1136 415 1209 omnibus,
436 1156 510 1215 quos
534 1133 686 1194 accusatori
706 1134 815 1216 praescri
839 1139 881 1196 si-

190 1239 283 1291 mus,
310 1214 488 1287 conficitur3
510 1216 542 1275 &
566 1232 660 1276 cetera
688 1208 752 1296 post
776 1159 880 1278 eadem

190 1316 300 1379 praeter
310 1317 500 1358 communem
512 1296 609 1355 locum
625 1294 802 1357 inducentur.
820 1297 882 1359 Lo-

196 1376 246 1435 cus
270 1394 367 1437 autem
392 1377 552 1435 communis
575 1377 630 1435 erit
653 1374 810 1437 defensoris
833 1380 881 1451 is,

193 1477 356 1541 perquem
372 1453 586 1537 indignabitur,
607 1453 820 1531 accusatorem,
841 1456 883 1519 sui

196 1537 317 1621 periculi
330 1535 434 1611 causa,
452 1556 513 1594 non
528 1555 573 1595 res
589 1534 683 1594 solum
698 1553 882 1610 convertere,

197 1622 300 1680 vetitm
331 1619 418 1679 etiarn
447 1614 538 1688 uerba
567 1632 746 1677 commutare
774 1622 882 1680 conari,

197 1698 277 1762 Nam
294 1699 334 1758 illi
351 1697 468 1779 quidem
481 1717 651 1756 communes
667 1696 749 1771 loci,
769 1701 817 1778 qui
834 1718 883 1759 aut

198 1781 346 1841 calumniae
360 1776 553 1838 accusatorum
566 1775 817 1851 demonstrande,
833 1799 883 1841 aut

193 1859 398 1933 ¹misericordiae
427 1857 598 1938 captandae,
626 1874 674 1917 aut
707 1856 773 1918 fatti
801 1862 881 1920 indi-

198 1942 304 2026 gnandi
327 1986 338 2016 ‚
371 1955 419 2000 aut
447 1961 464 1997 a
494 1937 686 1999 misericordia
719 1938 882 2002 deterrendi

196 2022 283 2086 aausi
297 2020 465 2094 sumuntur,
483 2040 519 2078 ex
535 2019 652 2099 periculi
667 2021 882 2102 magnitudine,

198 2126 260 2164 non
283 2123 319 2163 ex
339 2099 427 2161 causae
447 2119 578 2181 genere,
603 2099 753 2158 ducuntur.
779 2101 881 2181 Quare

200 2207 261 2246 non
289 2187 318 2242 in
347 2199 467 2240 omnem
490 2177 632 2250 causam,
659 2177 708 2237 sed
735 2181 764 2237 in
791 2202 881 2243 omne

200 2263 288 2326 causae
308 2280 396 2351 genus
415 2257 550 2316 incidunt.
572 2255 684 2315 Eorum
700 2260 891 2320 mentionem·

200 2350 229 2407 in
252 2337 435 2421 conpediutali
453 2333 653 2394 constitutione
673 2333 801 2396 fecimus.
828 2338 882 2397 In-

201 2424 335 2492 ductione
352 2434 448 2478 autem
465 2436 590 2489 eorum,
608 2434 698 2496 quum
714 2413 797 2475 causa
812 2439 882 2498 pos·

196 2503 317 2575 tulabit,
336 2516 457 2559 utemur.

242 2581 326 2644 XIX.
343 2580 443 2660 Quum
457 2594 551 2638 autem
565 2575 659 2651 adio,
673 2573 880 2656 transsationis,

197 2683 246 2729 aut
261 2662 493 2724 commutationis
503 2658 634 2740 indigere
650 2657 783 2732 videtur,
801 2663 880 2742 quod

198 2770 260 2809 non
278 2762 325 2806 aut
343 2747 366 2802 is
384 2745 465 2824 agit,
481 2760 569 2820 quern
590 2754 727 2819 oportet,
747 2756 795 2798 aut
813 2763 878 2802 curn

200 2849 237 2889 eo
253 2873 262 2900 ,
280 2829 394 2906 quicum
408 2836 543 2902 oportet,
562 2836 609 2878 aut
623 2819 698 2899 apud
712 2839 805 2898 quos,
823 2823 880 2900 qud

164 2954 171 2961 .
200 2909 287 2989 lege,
303 2903 482 2984 qudpoenai,
499 2921 556 2979 quo
573 2902 710 2970 crimine,
728 2920 787 2978 quo
804 2915 879 2958 tem·

200 3007 272 3073 pore
297 2999 435 3065 oportet,
458 2977 619 3042 constitutio
641 2977 800 3114 transsppit‘a
824 3001 879 3059 ap·

241 3073 339 3129 Turnus
359 3065 385 3123 l.
