2400 4067
257 471 337 566 4&
450 467 748 536 OnArom

257 608 343 658 tuus,
355 600 454 645 tamen
467 584 565 642 animo
575 597 676 642 tenere
689 577 851 662 postumus.
877 578 947 644 Non

221 729 224 733 ,
256 669 338 734 enim
350 668 399 728 elo
421 681 541 725 uentem
550 681 776 745 quaro,neque
809 663 859 723 uid
880 685 947 724 uam

256 747 385 819 mortale
467 743 633 817 caducum,
658 742 709 804 led
733 683 808 803 illua
835 684 947 824 iplum,

258 826 341 907 cujus
374 828 404 886 ui
416 828 452 885 sit
464 845 609 905 compos,
628 824 664 884 sit
680 824 846 906 eloquens3
866 825 947 905 quod

257 909 330 971 nihil
339 849 380 969 ei
393 905 493 980 aliud,
510 907 566 965 nisi
578 904 748 999 eloquentia
760 903 841 985 ipsa,
859 926 946 987 quam

254 989 361 1064 nullis,
381 988 437 1047 nisi
453 988 558 1047 mentis
569 984 661 1046 oculis
674 984 776 1047 videte
810 983 946 1047 offumus.

255 1068 286 1141 Is
298 1069 353 1130 erit
364 1069 449 1151 igitur
461 1066 621 1151 eloquent,
632 1083 665 1125 ut
680 1065 757 1127 idem
772 1067 779 1079 ’
794 1066 844 1127 lud
856 1069 947 1129 itere·

255 1170 340 1224 mus,
357 1151 405 1230 qui
419 1149 529 1229 poterit
540 1166 632 1228 parva
647 1143 812 1221 summust,
828 1148 945 1209 modica

254 1229 439 1311 temperate,
451 1249 500 1288 ma
520 1250 558 1288 na
566 1228 694 1309 graviter
704 1227 815 1290 dicere.

252 1360 258 1366 .
301 1328 369 1370 102.
380 1249 628 1370 Totamiricausa
637 1330 692 1390 pro
703 1306 870 1370 Carcinode
880 1330 946 1370 ver·

252 1390 302 1471 bis
310 1389 454 1453 interdicti
464 1389 538 1459 fuit:
552 1409 600 1451 res
615 1388 762 1450 involutas
773 1388 946 1452 definiendo

255 1473 483 1554 explicavimus:
502 1468 547 1530 'us
560 1470 645 1531 civile
656 1464 839 1532 laudavimus
854 1492 861 1530 :
874 1492 945 1533 ver·

254 1554 296 1625 ba
307 1553 385 1613 ambi
425 1575 442 1612 a
456 1493 642 1617 diliinximus.
668 1551 734 1612 Fuit
747 1552 900 1613 ornandus
916 1555 943 1614 iu

256 1575 424 1703 Maniliaieu
437 1652 454 1693 e
466 1632 642 1713 Pompeius:
657 1633 823 1714 temperati
834 1637 944 1695 oratio·

254 1735 296 1784 ne
319 1650 442 1776 otnamii
462 1714 579 1853 cppiam
597 1710 738 1802 persecuti
755 1711 864 1775 sumus.
896 1715 942 1776 Jus

255 1815 347 1860 omne
369 1797 484 1855 retinen
506 1816 531 1853 ae
551 1791 706 1872 majestatis
729 1793 842 1856 Rabirii
865 1795 942 1856 cauli

256 1876 477 1936 continebatur:
496 1894 568 1955 ergo
582 1876 612 1932 in
623 1876 705 1936 omni
713 1894 825 1956 genere
838 1877 942 1958 ampli-

255 1954 399 2022 ficationis
413 1955 580 2014 exarsimus.

254 2085 257 2089 .
301 2054 369 2116 ¹03·
387 2034 430 2095 At
446 2034 510 2096 haec
525 2034 671 2095 interdum
683 2038 897 2116 temperanda,
910 2038 940 2098 δι

255 2115 394 2179 varianda
406 2115 480 2175 sunt.
507 2114 602 2195 Quod
613 2118 698 2211 igitur
710 2118 739 2176 in
754 2118 940 2179 accusationis

254 2198 367 2282 septem
379 2197 458 2258 libris
469 2218 530 2256 non
539 2215 681 2277 reperitur
690 2198 806 2278 genus?
823 2202 906 2280 quod
914 2205 940 2260 in

254 2279 363 2348 Aviti?
400 2278 462 2339 uod
471 2281 501 2338 in
514 2275 665 2338 Cornelii?
679 2278 761 2359 quod
771 2281 803 2338 in
815 2280 939 2362 plurimis

252 2360 359 2423 uostris
377 2301 618 2422 lesensionibus?
639 2378 702 2497 psuae
716 2362 857 2441 exempla
871 2361 940 2423 sele·

253 2440 376 2525 giffem,
397 2441 452 2501 nisi
462 2440 513 2503 vel
530 2456 602 2500 nota
622 2458 638 2498 e
662 2459 678 2499 e
696 2440 876 2517 arbitrarer,
895 2442 939 2504 vel

252 2521 337 2604 polle
347 2522 467 2604 eligere,
497 2523 703 2602 uiquaererent.
716 2519 807 2581 Nulla
816 2523 859 2584 est
867 2526 939 2585 enirn

207 2620 211 2627 '
254 2602 317 2662 ullo
330 2604 361 2663 in
371 2543 548 2682 genereiaus
555 2601 678 2663 oratoris
688 2646 699 2673 ,
709 2598 791 2681 cujus
804 2605 834 2662 in
844 2603 940 2665 nostris

253 2683 434 2747 orationibus
443 2683 548 2740 nonsit
558 2682 671 2762 aliqua,
684 2683 708 2740 si
718 2703 780 2742 non
788 2684 940 2764 perfeilio,

254 2780 286 2825 at
298 2778 418 2823 conatus
426 2778 541 2835 tamen,
555 2766 642 2843 atque
653 2761 854 2826 adumbratio.
875 2765 941 2828 Nou

254 2843 443 2926 affequimur:
461 2859 508 2916 at,
521 2843 590 2923 quid
600 2844 720 2916 deceat,
735 2844 885 2907 videmus.

302 2944 368 2999 104.
386 2922 452 2986 Nec
464 2925 543 2984 enirn
560 2945 637 2984 nunc
658 2923 696 2983 de
706 2926 815 2999 nobis,
834 2927 887 2988 sed
907 2926 942 2991 de

249 3027 287 3072 re
300 3008 440 3072 dicimus:
458 3007 489 3069 in
499 3026 558 3090 quo
566 3007 681 3091 taurim
689 3003 790 3083 abest,
806 3024 839 3071 ut
848 3008 942 3074 nostra
