2400 4067
254 518 333 590 204
384 501 458 569 Dn
484 501 645 568 quen
658 516 821 569 rronn

272 610 433 693 erspicinrr‚
452 614 484 674 &
498 634 602 675 verum
617 613 673 675 effe
692 616 878 699 intelligitur,
893 617 940 675 ni-

270 694 288 752 'l
302 696 402 755 attinet
418 694 579 776 approbari.
593 695 696 775 Quare
709 694 804 757 statim
815 696 944 757 conclu·

250 773 347 836 denda
361 773 404 835 est
418 778 625 858 argumentatio
643 798 657 836 ε.
671 776 759 859 Igitur
777 776 846 837 dare
864 796 939 858 ope-

250 875 312 914 tam
337 856 524 937 philosophiae
551 855 771 918 convenit..·Est
794 877 866 940 ergo
894 878 940 916 as·

252 940 378 1018 sumptio
436 938 549 1011 adam,
566 958 630 1019 qua
643 937 862 1019 approbationis
875 959 940 998 non

249 1017 368 1099 indiget.
423 1040 471 1078 am
495 1019 652 1099 quamdam
672 1018 803 1101 indigere
824 1016 935 1100 perspi·

249 1118 335 1157 cuum
354 1096 404 1159 est.
430 1098 566 1179 Separata
587 1098 628 1159 est
646 1101 733 1181 igintr
751 1099 787 1158 ab
810 1097 940 1181 affump-

247 1180 329 1242 tione
354 1180 536 1260 approbatio.
555 1179 668 1239 Falsum
693 1199 763 1261 ergo
785 1176 852 1254 est,
875 1200 939 1240 non

248 1256 305 1319 effe
327 1259 391 1340 plus
412 1260 499 1341 quim
519 1262 688 1341 tripartitam
705 1262 939 1343 argumentatio·

249 1358 329 1401 nem.
817 1364 821 1374 ·
937 1383 941 1392 ·

289 1420 474 1483 XXXVII.
490 1421 589 1504 Atque
604 1443 641 1483 ex
653 1423 696 1482 his
710 1421 781 1483 illud
793 1419 856 1501 jam
871 1442 940 1504 pers

248 1499 377 1581 spicuam
389 1501 448 1578 est,
467 1503 523 1565 effe
534 1503 691 1585 quamdam
705 1506 937 1585 argumentatio-
980 1507 982 1512 '

248 1602 338 1657 nem,
353 1586 382 1643 in
399 1606 455 1665 qua
469 1606 563 1667 neque
579 1586 765 1667 propositio,
780 1604 880 1673 neque
893 1606 941 1644 as-

248 1668 375 1744 sumptio
388 1666 513 1749 indigeat
530 1690 546 1726 a
588 1666 746 1729 robanonis
760 1709 770 1738 ,
786 1663 939 1746 huiusmo-

138 1805 140 1808 .
249 1744 298 1818 di,
315 1763 346 1804 ur
362 1763 470 1806 certum
487 1750 534 1827 qui
577 1768 643 1818 am,
660 1746 692 1805 &
707 1745 819 1819 breve,
835 1765 940 1807 exem-

133 3136 174 3350 i.

133 3410 156 3567 t
221 3443 224 3448 ,

248 1824 290 1903 pli
310 1827 417 1899 cause,
439 1846 609 1906 ponamus:
632 1825 662 1885 Si
684 1824 871 1906 summopere
894 1826 939 1887 sa-

248 1905 357 1985 pientia
378 1906 503 1986 petenda
524 1904 592 1981 est,
616 1903 801 1987 summopere
819 1904 942 1968 stultitia

248 1984 366 2044 uitanda
381 1984 431 2046 est.
455 1986 577 2048 Summo
599 2003 697 2047 autem
716 2007 807 2067 opere
823 1985 940 2069 sapien-

247 2068 287 2124 tia
302 2067 430 2146 petenda
449 2066 498 2128 est.
518 2067 641 2128 Summo
656 2070 739 2150 igitur
758 2087 850 2148 opere
869 2066 939 2129 stul-

246 2147 308 2211 titia
327 2149 443 2208 vitanda
468 2146 519 2209 est.
545 2149 604 2208 Hic
630 2149 662 2209 &
689 2147 840 2228 affumptio
866 2152 938 2224 ,'&

247 2229 413 2309 propositio
423 2228 572 2311 perspicua
584 2227 625 2290 est
635 2252 642 2288 ε
654 2250 740 2311 quare
751 2245 853 2289 neutra
863 2252 940 2311 quo*

245 2329 303 2448 ¹apte
318 2310 427 2393 indiget
442 2312 664 2392 approbatione.
681 2310 725 2369 Ex
740 2309 783 2368 his
798 2314 939 2372 omnibus

245 2389 316 2448 ‘lud
335 2391 512 2472 perspicuum
531 2391 591 2464 est,
611 2391 853 2472 approbationem
873 2409 941 2453 tum

247 2468 383 2552 adjungi,
397 2489 459 2530 tum
469 2495 529 2533 non
541 2471 667 2551 adjungi.
682 2470 726 2530 Ex
737 2492 794 2551 quo
806 2492 938 2553 cognos-

244 2553 338 2622 citur,
367 2571 461 2631 neque
482 2554 511 2611 in
533 2552 765 2630 propositione,
788 2570 885 2632 neque
905 2558 941 2614 in·

242 2628 435 2709 affumptione.
446 2633 586 2690 contineri
600 2632 865 2711 approbationem,
883 2632 940 2695 sed

242 2726 393 2789 utramque
416 2708 466 2769 suo
488 2712 555 2770 loco
575 2712 725 2791 positam,
746 2714 808 2771 vim
826 2711 939 2790 suam,

242 2806 390 2872 tamquam
416 2808 523 2855 certam
550 2792 582 2850 &
607 2794 754 2872 propriam
785 2791 939 2856 obtinere.

246 2871 340 2951 Quod
353 2875 375 2931 si
390 2872 429 2931 ita
443 2870 500 2946 est,
516 2872 674 2931 commode
691 2874 786 2953 partiti
797 2871 942 2954 suntilli,

243 2955 338 3034 quiin
357 2956 481 3035 quinque
502 2971 598 3035 partes
623 2952 822 3015 distribuerunt
844 2976 945 3040 argu-3

226 3038 469 3102 *tentationem
