2400 4067
254 483 362 570 424¹
451 461 744 554 Toezcu

253 583 345 653 nonis
358 578 563 662 diligentibus,
577 575 615 636 ad
631 596 736 637 eorum
750 573 929 656 prudentiam

253 659 508 744 confugientibus,
530 656 621 718 hastas
636 655 807 717 ministrant.

255 741 343 802 ·2·66.
372 741 407 800 ln
430 740 565 801 omnibus
586 740 673 821 igitur
690 739 722 796 iis
741 736 883 816 judiciis,
904 738 931 796 in

252 823 376 903 quibus,
392 825 441 881 Ex
454 823 512 900 fide
528 822 622 892 bona,
641 816 681 879 est
696 817 830 877 additum
848 839 856 876 τ
887 819 933 878 ubi

252 904 327 964 verb
340 904 448 976 etiam,
465 905 507 962 Ut
516 905 587 961 inter
596 900 681 960 bonos
692 901 757 958 bene
769 903 848 981 agier
858 921 934 979 opor·

252 1000 292 1044 tet
303 1007 313 1043 .·
331 981 527 1065 inprimisque
538 985 569 1041 in
579 981 698 1040 arbitrio
708 981 752 1040 rei
763 983 873 1040 uxoriae
884 1025 893 1054 ,
905 982 933 1039 in

242 1099 245 1106 ι
295 1087 314 1124 ο
333 1063 392 1139 est,
412 1066 491 1145 Quid
501 1066 624 1142 equites,
641 1062 758 1132 melius,
775 1063 869 1143 parati
882 1060 934 1121 effe

249 1085 375 1205 ddbent.
400 1143 445 1203 Illi
455 1142 643 1203 enim'dolum
656 1141 783 1213 malum,
798 1139 935 1202 illifidem

252 1225 382 1300 bonam,
401 1225 442 1284 illi
456 1245 587 1305 aequum,
607 1224 738 1296 bonum,
756 1223 797 1282 illi
807 1223 878 1306 quid
890 1221 938 1282 so·

252 1309 331 1389 ¹ciutu
344 1305 443 1380 socio,
464 1304 533 1386 quid
549 1324 637 1379 eum,
655 1307 703 1384 qui
716 1307 839 1386 negotia
848 1303 938 1364 aliena

251 1383 390 1462 muffet,
408 1389 438 1447 ei
451 1385 531 1464 cujus
545 1405 578 1446 ea
589 1387 708 1467 negotia
720 1383 853 1460 fixissent3
871 1385 938 1468 quid

255 1487 343 1542 eum,
363 1469 414 1550 qui
432 1464 610 1540 mandasset,
635 1485 773 1538 eumve,
786 1469 833 1526 cui
854 1482 938 1527 tnn-

257 1548 356 1620 datum
369 1546 456 1622 effet,
470 1548 593 1608 alterum
605 1546 686 1606 alteri
699 1545 839 1627 praestare
848 1568 939 1628 opor·

251 1643 359 1703 teret·;
390 1629 459 1712 quid
481 1632 574 1689 vitum
596 1627 703 1699 uxori,
724 1627 796 1709 quid
818 1649 938 1688 uxorem

254 1713 345 1785 vire,
378 1709 568 1771 tradiderunt.
603 1707 716 1768 Licebit
741 1711 852 1790 igitur,
878 1710 940 1768 dili-

256 1809 361 1873 genter
375 1793 499 1873 cognitis
514 1813 544 1849 ar
584 1806 751 1849 mentorum
764 1791 862 1862 locis,
882 1811 939 1850 uon

256 1871 350 1931 mo'db
361 1871 526 1931 oratoribus
544 1811 582 1930 dd
610 1868 790 1951 hilosophis,
810 1870 862 1930 sed
876 1870 938 1948 juris

256 1953 345 2010 etiam
389 1953 466 2012 eritis
486 1892 609 2032 copiosd
626 1952 663 2012 de
686 1950 940 2012 constdtationibus

258 2031 313 2091 suis
346 2034 353 2046 '
387 2040 478 2092 utat'e.

374 2112 413 2173 ΙΙ.
435 2111 617 2193 Conjundius
636 2114 702 2175 huic
724 2113 875 2176 causarum
894 2114 937 2175 lo-

258 2214 295 2253 co
320 2196 402 2254 locus
426 2195 475 2254 ille
492 2194 553 2268 est,
577 2197 626 2276 qui
643 2195 766 2256 efficitur
783 2217 820 2258 ex
841 2200 937 2257 causis.

258 2273 302 2334 Ut
317 2279 395 2336 enim
407 2274 488 2336 causa
504 2275 637 2337 effetium
652 2278 775 2350 indicat,
791 2280 851 2352 sic,-
864 2275 940 2360 quod

258 2355 394 2418 effedum
414 2355 474 2431 est,
494 2378 557 2438 quae
572 2356 658 2417 fuerit
678 2358 781 2432 causa,
803 2359 941 2419 demons-

257 2453 324 2498 trat.
349 2438 405 2497 Hic
422 2438 504 2498 lotus
520 2437 705 2519 suppeditare
722 2438 797 2499 solet
821 2441 942 2500 oratori·

256 2518 366 2578 bus&
389 2521 504 2599 poetis,
529 2518 605 2600 saepe
634 2523 720 2579 etiam
742 2521 940 2603 philosophis,

256 2597 309 2658 sed
326 2601 380 2670 iis,
400 2600 449 2679 qui
467 2602 568 2660 ornate
588 2601 621 2660 &
638 2603 759 2682 copiose
774 2601 858 2685 loqui
878 2623 943 2686 pos·

256 2676 341 2751 sunt,
364 2680 527 2749 mirabilem
549 2684 666 2764 copiam
688 2681 831 2755 dicendi,
854 2705 941 2766 quum

258 2759 451 2836 denuntiant,
464 2760 533 2842 quid
545 2783 582 2822 ex
592 2783 708 2845 quaque
719 2784 750 2824 re
759 2767 795 2823 sit
805 2764 942 2826 futurum.

260 2839 947 2985 Causarpmtenitncognitiocognitionemeven-

257 2941 358 2984 torum
382 2942 447 2986 acu.
534 2952 537 2959 ·

300 3005 350 3067 68.
370 3005 508 3089 Reliquus
531 3007 572 3070 est
595 3009 822 3091 comparationis
844 3008 948 3084 luctu,
