2400 4067
244 492 323 572 324
370 475 445 541 Da
473 471 811 543 Invarruorra‘

243 587 436 670 petendarum
450 607 545 647 rerum
560 604 657 668 partes
671 588 726 646 sint
743 582 879 647 honestas
897 581 936 646 dc

244 669 347 729 utilitas
364 690 371 728 :
387 668 592 741 vitandarum,
609 667 759 748 turpitudo
776 666 809 727 ὅ(
822 667 938 727 inutili-

243 765 298 810 tas.
317 748 370 810 His
383 751 467 832 igitur
480 748 589 809 duabus
604 749 690 809 rebus
707 769 753 808 res
767 747 830 809 duae
842 768 940 831 gran-

245 830 298 891 des
312 829 375 890 sunt
392 831 535 889 attriburae
549 875 558 904 ,
572 829 776 903 necessitudo,
794 828 827 889 &
846 826 938 889 affec-

243 913 286 972 tio
308 933 315 971 :
337 932 459 992 quarum
480 911 570 971 altera
590 931 627 970 ex
647 912 705 983 vi,
732 910 821 970 altera
841 929 880 971 ex
901 930 939 971 re

246 990 422 1072 &personis
439 992 648 1052 consideratur.
664 989 716 1051 De
730 1006 792 1050 utra
814 1010 851 1050 ue
868 988 934 1072 post

245 1076 371 1154 apertius
384 1071 605 1155 perscribemus.v
621 1070 710 1132 Nunc*
719 1071 780 1133 hon
840 1088 878 1132 trs
891 1093 937 1133 ra·

245 1156 342 1215 tiones
357 1155 482 1235 primum
498 1155 687 1235 explicemus.
916 1199 919 1204 -

242 1309 244 1314 Ι
288 1233 365 1294 LIII.
388 1234 483 1314 Quod
501 1253 550 1294 aut
567 1250 688 1307 totum,
715 1251 763 1294 aut
782 1232 878 1315 aliqua
894 1253 937 1295 ex

247 1333 329 1399 parte
346 1333 467 1396 propter
481 1313 509 1375 se
521 1318 648 1398 petitur,
665 1313 819 1375 honestum
836 1317 937 1376 nomi-

247 1398 390 1458 nabimus.
421 1396 525 1476 Quare
546 1418 636 1478 quum
660 1394 722 1475 ejus
747 1396 811 1455 duae
836 1414 938 1487 partes

248 1481 325 1554 sint,
338 1500 459 1560 quarum
473 1477 562 1540 altera
575 1476 716 1559 simplex,
732 1477 822 1537 altera
836 1476 942 1558 Jundla·

247 1560 313 1632 sit,
339 1561 501 1642 simplicem
524 1562 602 1641 prius
626 1560 854 1619 consideremus.
885 1556 941 1619 Est

246 1640 334 1722 igitur
354 1643 385 1700 in
407 1662 444 1702 eo
466 1661 573 1723 genere
597 1661 701 1701 omnes
726 1660 771 1700 res
794 1639 854 1699 und
878 1642 910 1701 vi
924 1684 941 1714 p

247 1738 336 1803 atque
355 1744 415 1782 uno
437 1724 561 1781 nomine·
578 1721 713 1801 amplexa
731 1723 822 1781 virtus
840 1743 847 1782 ι
866 1742 942 1781 nam·

222 1845 224 1850 -
247 1804 339 1863 virtus
358 1801 399 1862 est
420 1802 507 1861 animi
523 1801 659 1877 habitus,
682 1819 789 1863 naturae
810 1802 904 1863 modo
924 1848 940 1875 ,

247 1884 353 1943 rationi
371 1881 577 1942 consentaneus
596 1903 603 1940 :
622 1883 815 1964 quamobrem
836 1884 942 1944 omni-

248 1962 302 2024 bus
324 1960 385 2041 ejus
406 1964 533 2043 partibus
556 1966 703 2046 cognitis,
730 1980 795 2024 tota
812 1966 859 2027 vis
882 1968 943 2025 erit

250 2043 387 2125 simplicis
420 2042 575 2105 honestatis
608 2046 798 2106 considerata.
836 2044 944 2106 Habet

248 2125 336 2207 Igitur
353 2142 448 2207 partes
467 2143 613 2207 quatuor;
631 2127 834 2207 prudentiam,
854 2124 941 2208 justi-

248 2208 340 2280 tiam,
361 2206 579 2279 fortitudinem,
601 2211 833 2288 temperantiam.

294 2288 361 2349 160.
378 2287 531 2350 Prudentia
548 2287 589 2349 est
605 2309 701 2349 rerum
719 2290 862 2349 bonarum
873 2332 891 2363 ,.
905 2289 943 2351 &

249 2370 418 2445 malarum,
440 2388 664 2450 neutrarumque
688 2368 813 2430 scientia.
836 2367 944 2429 Partes

249 2449 335 2529 ejus,
358 2454 523 2523 memoria,
542 2450 753 2532 intelligentia,
771 2450 942 2531 providen-

248 2534 298 2591 tia.
320 2532 468 2593 Memoria
489 2529 552 2604 est,
575 2551 628 2611 per
669 2553 735 2591 uam
757 2534 867 2590 animus
886 2552 945 2592 re-

249 2613 323 2691 petit
341 2612 414 2687 illa,
435 2634 497 2693 quae
515 2553 854 2693 fuerunr.lnrelligentia
872 2611 916 2673 est
929 2659 944 2689 ,

250 2711 303 2772 per
319 2712 406 2771 quam
422 2713 458 2753 ea
474 2692 608 2774 perspicit
623 2736 638 2766 ,,
656 2715 718 2775 quae
734 2692 807 2754 sunt.
827 2691 945 2755 Provi-

249 2771 349 2832 dentia
363 2770 429 2845 est,
445 2794 498 2854 per
515 2795 604 2855 quam
619 2773 746 2835 futurum
764 2774 872 2855 aliquid
891 2778 944 2835 vi·

250 2852 335 2912 detur
357 2853 423 2913 ante
447 2855 533 2935 quim
558 2854 664 2914 facium
685 2858 730 2915 sit.
758 2854 868 2916 Iustitia
895 2855 946 2917 est·

247 2932 361 2998 habitus
378 2937 486 3009 animi,
506 2938 654 2996 communi
673 2937 796 2997 utilitate
814 2936 946 2998 conser-

246 3014 313 3080 ratI
329 3061 346 3092 „
367 3015 445 3082 suam
472 3019 573 3102 cuique
596 3018 725 3084 tribuens
751 3018 946 3102 dignitatem.
