2400 4067
447 453 752 525 Onnron
861 477 939 556 μς

254 571 313 632 tia:
333 568 414 652 quod
432 567 464 629 fit
483 574 571 630 etiam
588 571 625 631 ab
645 574 788 654 antiquis,
809 572 860 634 sed
873 578 943 657 ple-v

254 673 377 733 rumque
396 650 477 725 casu,
493 650 528 712 sae
550 655 698 713 enaturd:
722 655 754 714 δι
768 675 832 736 quae
850 658 946 720 valdo

254 734 407 796 laudantur
425 732 503 813 apud
521 736 527 747 '
552 754 607 808 os,
629 754 666 795 ea
685 733 765 810 ferd,
792 738 860 818 quia
876 736 946 799 sunt¹

254 813 408 887 conclusa,
422 813 583 874 laudantur.

301 914 367 971 ¹7¹·
386 893 423 954 Et
438 894 516 973 apud
530 893 651 956 Graecos
661 896 780 978 quidem
795 894 855 977 jam
871 899 941 960 anni

253 996 350 1058 prope
360 976 561 1057 quadringenti
568 975 647 1051 sunt,
659 999 749 1059 quum
761 980 818 1038 hoc
831 980 943 1060 proha-

253 1073 324 1129 tur;
344 1078 399 1115 nos
418 1077 512 1136 nuper
527 1062 710 1140 agnovimus.
742 1058 822 1142 Ergo
841 1058 941 1123 Ennio

253 1137 334 1199 licuit
350 1156 453 1199 vetera
471 1143 672 1201 contemnenti
689 1140 806 1202 dicere:

290 1265 420 1323 Versibu’,
435 1281 495 1330 quos
504 1264 561 1314 olirn
570 1264 662 1322 Fauni,
675 1265 791 1332 vatesque
803 1265 941 1320 canebantr
975 1340 978 1347 ,

253 1381 325 1442 mihi
343 1381 380 1442 de
392 1385 514 1464 antiquis
527 1384 637 1445 eodem
646 1384 739 1445 modo
750 1406 811 1444 non
820 1385 918 1447 licebit
931 1384 948 1447 i

252 1461 410 1545 prasertim
429 1486 519 1545 quum
541 1465 663 1524 dillurua
680 1487 742 1526 non
763 1469 817 1525 sim
828 1496 842 1540 ,τ
862 1475 938 1528 Ante

251 1548 326 1605 hunc
336 1588 344 1604 .
354 1587 363 1603 .
373 1587 401 1604 ..
416 1564 447 1604 ut
460 1545 527 1605 ille:
548 1565 605 1605 nec
616 1567 680 1626 quae
691 1545 861 1627 sequuntur,
874 1550 946 1608 Nos·

255 1627 321 1685 ausi
340 1625 454 1705 reserare
556 1625 630 1707 Legi
649 1629 756 1701 enim,
781 1627 940 1710 audivique

255 1706 430 1780 nonnullos,
444 1728 569 1788 quorum
579 1728 634 1788 pro
656 1707 797 1768 emodum
809 1707 947 1769 absolut&

255 1787 478 1850 concluderetur
490 1791 596 1849 oratio.
625 1729 720 1867 &uod
732 1791 779 1869 qui
793 1810 853 1848 non
868 1810 945 1870 pos«

255 1867 338 1940 sunt,
354 1889 416 1928 non
431 1866 472 1929 est
488 1871 530 1930 eis
544 1868 610 1929 satis
623 1891 684 1930 non
698 1872 866 1943 contemni,
880 1869 946 1931 lau-

257 1949 319 2008 dari
336 1950 422 2009 etiam
440 1949 554 2010 volunt.
582 1949 648 2032 Ego
665 1966 764 2011 autem
779 1950 845 2012 illos
862 1950 945 2034 ipsos

257 2029 365 2104 laudo,
384 2029 471 2112 idque
485 2031 608 2104 merito,
628 2053 753 2114 quorum
768 2030 798 2092 se
814 2031 858 2091 isti
874 2032 942 2095 imi·

256 2128 367 2172 tatores
378 2109 434 2172 effe
449 2112 565 2182 dicunt,
583 2115 636 2171 etsi
651 2115 681 2170 in
695 2115 735 2173 eis
747 2112 854 2205 aliquid
864 2113 946 2174 desi·

256 2191 349 2252 dero:
370 2193 425 2252 hos
444 2195 518 2253 verb
539 2193 680 2265 minime,
704 2195 754 2273 qui
776 2192 846 2251 nihil
870 2194 944 2253 illo·

257 2294 339 2347 rum,
358 2275 411 2334 nisi
425 2274 546 2343 vitium,
562 2269 735 2354 sequuntur,
751 2292 843 2353 quum
853 2295 871 2334 a
882 2274 946 2337 bo·¹

257 2357 302 2416 nis
313 2356 407 2415 absint
417 2352 595 2495 loupissimd.

306 2455 371 2511 ¹7²·
386 2435 458 2517 Quo
492 2437 515 2494 si
529 2453 612 2494 aures
621 2432 947 2496 taminltumanastam-

260 2537 319 2598 que
340 2515 463 2600 agrestes
487 2515 623 2588 habent,
649 2534 688 2574 ne
710 2514 944 2579 doclissitnorum

302 2597 380 2658 'dem
392 2601 523 2658 virorum
544 2616 596 2657 eos
618 2597 752 2656 movebit
769 2596 947 2664 auctoritas!

260 2618 380 2740 gldium
405 2677 587 2752 Isocratem,
622 2675 830 2760 discipulosque
855 2677 947 2760 ejus,

260 2757 428 2838 Ephorum,
444 2761 476 2819 δι
488 2759 663 2819 Naucratem
675 2783 684 2832 3
697 2781 872 2841 quamquam
883 2783 948 2820 ora«

261 2840 349 2898 tionis
367 2837 507 2899 facienda
521 2840 553 2897 δι
563 2840 702 2899 ornandae
714 2840 845 2900 auctores
862 2841 948 2900 locu·-

286 2915 427 2988 letissimi,
441 2916 600 2998 summique
611 2920 667 2997 ipsi
679 2939 819 2992 oratores,
830 2918 886 2980 effe
896 2921 952 2980 de*
1004 2957 1007 2962 ‹

306 3013 364 3072 ant.
376 2997 436 3072 Sed
447 3002 510 3080 quis
521 3000 655 3060 omnium
663 2999 794 3134 doclpor,
807 3005 871 3083 quis
882 3022 951 3074 acu·

761 3103 790 3134 Vl
