2400 4067
445 467 770 538 Onaronrn.
868 472 943 566 335

263 582 415 645 nudaciam
446 585 629 654 temeritati,
665 604 727 642 non
758 583 945 664 prudentiae,

264 662 324 725 esse
359 661 554 744 conjuntiam.
599 662 735 745 Sequitur
766 680 863 723 antem
897 665 945 725 ille

264 745 348 805 locus
375 744 413 804 ad
436 745 629 826 augendum,
658 765 719 803 non
743 742 800 813 effe
825 742 947 825 exspec-

263 825 405 899 tandum,
425 823 494 884 dum
513 824 662 884 fateatur:
684 828 858 907 argumentis
876 845 950 906 pec-

265 923 332 966 cata
348 908 502 968 convinci:
522 907 556 966 &
574 906 622 964 hic
638 906 726 964 etiam
743 905 878 987 exempla
892 927 949 988 po-

265 1002 382 1047 nentur.
950 1058 955 1067 ι

308 1063 452 1127 XXXIV.
473 1063 573 1147 Atque
589 1066 651 1126 haec
663 1065 782 1147 quidem
801 1062 839 1127 de
861 1086 949 1148 argn-

264 1149 383 1209 mentis.
409 1145 459 1207 Sin
476 1164 573 1206 autem
590 1149 645 1207 erit
663 1150 749 1207 etiam
769 1146 884 1208 testium
902 1147 949 1208 fa-

266 1227 381 1287 cultas:
402 1230 528 1323 primum
541 1246 633 1310 genus
646 1231 699 1288 erit
719 1227 811 1309 ipsum
827 1228 950 1289 laudan·

266 1308 358 1387 dum,
382 1306 595 1389 drcendumque
613 1328 651 1368 ne
671 1311 846 1389 argumentis
864 1326 950 1370 tene·

265 1406 347 1449 retur
367 1410 453 1463 reus,
482 1388 575 1471 ipsum
596 1388 645 1447 sud
665 1393 799 1449 cautione
825 1388 948 1464 fecisse,

266 1468 354 1533 testes
373 1468 500 1552 effugere
520 1489 581 1528 non
598 1466 744 1549 potuisse:
770 1469 877 1529 deinde
890 1473 950 1528 sin·

238 1543 247 1562 ’
288 1550 327 1608 uli
343 1544 515 1615 laudentur:
545 1570 609 1630 quae
626 1565 722 1608 autem
740 1546 831 1610 effent
848 1549 950 1609 iauda-

266 1570 353 1703 iilia,
371 1630 477 1689 ditium
488 1627 538 1690 est.
567 1627 686 1688 Deinde
699 1631 786 1689 etiam
796 1649 950 1711 argumen-

266 1706 309 1769 τοΙ
326 1709 437 1785 firmo,
463 1712 530 1790 quia
547 1726 645 1769 tamen
666 1707 740 1789 saepe
766 1707 867 1769 falsum
883 1708 949 1785 est,

266 1788 348 1872 poffe
359 1789 435 1851 redii
450 1811 511 1851 non
522 1789 604 1851 ¹credi
615 1811 631 1849 ι-
639 1792 704 1850 viro
718 1790 799 1851 bono
809 1791 841 1850 &
850 1789 949 1862 firmo,

267 1876 330 1931 sine
348 1873 421 1931 vitio
442 1869 569 1951 judicis,
594 1890 655 1930 non
677 1869 757 1951 poffe
778 1892 837 1931 non
858 1871 948 1932 credi.

267 1950 362 2034 Atqui
377 1955 486 2025 etiam,
505 1955 528 2010 si
548 1951 660 2011 obscuri
674 1949 759 2012 testes
777 1971 880 2029 erunt,
900 1971 949 2014 aut

267 2050 391 2104 tenues;
411 2031 566 2091 dicendum
586 2033 660 2104 erit,
680 2053 742 2092 non
761 2031 816 2092 effe
836 2053 871 2093 ex
888 2032 951 2092 for·

268 2130 339 2173 tuna
360 2111 450 2172 fidem
474 2111 718 2191 ponderandam,
745 2129 794 2170 aut
816 2132 868 2172 eos
891 2111 949 2174 esse

268 2190 406 2269 cujusque
452 2189 697 2267 locupletissimos
738 2188 824 2249 testes
852 2232 864 2264 ,-
900 2195 950 2272 qui

224 2336 229 2343 ,
268 2271 321 2343 id,
347 2271 383 2328 de
403 2288 462 2348 quo
482 2282 606 2347 agatur,
636 2265 770 2325 facillime
789 2267 859 2328 scire
879 2291 950 2349 pos·

269 2354 339 2411 sint.
376 2347 426 2408 Sin
465 2344 616 2406 uaestiones
635 2345 760 2419 habitae,
784 2362 831 2404 aut
851 2347 951 2426 postu-

269 2434 342 2493 latio
363 2447 394 2489 ut
473 2443 594 2502 eantur,
619 2424 732 2485 causam
751 2422 949 2505 adjuvabunt:

250 2537 256 2559 -·
270 2510 503 2572 confirmandum
516 2528 607 2593 genus
618 2509 748 2589 'primum
763 2504 951 2590 quaestionum

272 2596 327 2654 erit
340 2614 348 2652 ε
368 2592 524 2675 dicendum
537 2589 575 2650 de
592 2591 624 2650 vi
637 2589 746 2649 doloris
758 2608 767 2661 3
788 2588 824 2648 de
835 2591 952 2670 opinio·

271 2695 310 2735 ne
335 2672 499 2750 majorum,
525 2673 575 2754 qni
592 2690 657 2730 eam
681 2690 744 2730 rem
762 2687 875 2745 totam,
896 2674 951 2730 nisi

271 2753 454 2835 probaffent,
469 2755 547 2813 certe
557 2749 760 2833 repudiassent.

319 2832 384 2890 118.
406 2831 456 2891 De
471 2830 599 2891 institutis
617 2832 857 2905 Atheniensium,
868 2831 952 2890 Rho-

274 2910 410 2982 diorum,
428 2906 851 3050 dodissimorum'hominumfi
873 2912 951 2991 apud

318 2995 417 3052 Tomus
438 2993 463 3052 1.
