2400 4067
746 665 871 742 -Αρ
918 647 1454 719 HERENNIUM
1504 645 1582 714 L.
1632 646 1699 717 Ῑ.
1847 661 1903 738 7

526 766 747 829 breviter
791 784 1086 836 exponemus
1121 801 1137 827 ,
1192 767 1246 819 &
1280 767 1322 818 si
1365 777 1582 817 attentos
1623 780 1711 815 eos
1748 763 1906 814 facie-

533 861 641 899 mus
674 860 689 893 t
724 859 832 892 nam
870 843 1039 893 docilis
1080 840 1147 891 est
1190 841 1234 892 is
1267 873 1284 900 ,
1334 840 1416 907 qui
1455 836 1638 888 attente
1673 839 1778 887 vult
1814 855 1907 886 au-

534 917 660 968 dire.
698 917 929 968 Attentos
967 915 1246 966 habebimus
1269 947 1286 974 ,
1321 914 1364 965 si
1399 911 1732 980 pollicebimur
1754 944 1769 969 ‚
1812 927 1906 969 nos

529 991 593 1040 de
631 991 772 1042 rebus
809 991 991 1060 magnis
1015 1023 1030 1048 ‚
1069 990 1209 1039 novis
1230 1021 1246 1047 ‚
1297 985 1533 1041 inusitatis
1571 985 1717 1034 verba
1751 984 1907 1034 fastu-

528 1080 613 1114 ros
637 1097 654 1122 ,
694 1076 777 1114 aut
816 1065 878 1113 de
918 1065 979 1113 iis
1017 1064 1162 1113 rebus
1186 1096 1201 1121 ,
1247 1077 1351 1130 quae
1391 1059 1452 1110 ad
1490 1059 1710 1124 rempub.
1751 1057 1909 1123 perti-,-

523 1149 649 1188 nent
676 1170 692 1196 ,
735 1149 819 1188 aut
860 1137 922 1186 ad
964 1153 1051 1186 eos
1096 1136 1260 1203 ipsos,
1313 1133 1397 1201 qui
1435 1134 1635 1184 audient
1660 1166 1676 1192 ‚
1725 1144 1808 1182 aut
1845 1130 1911 1188 ad

528 1211 737 1260 deorum
772 1212 1109 1262 immortalium
1141 1209 1429 1278 religionem
1459 1223 1474 1259 ε
1512 1207 1563 1258 &
1587 1239 1603 1265 ,
1634 1207 1676 1256 si
1708 1205 1908 1273 rogabi-

526 1301 632 1335 mus
662 1317 679 1344 ,
720 1297 776 1335 ut
803 1283 992 1336 attente
1028 1284 1223 1334 audiant
1263 1299 1278 1333 t
1321 1282 1374 1334 &
1394 1316 1412 1342 ,
1441 1282 1482 1332 si
1512 1296 1716 1331 numero
1749 1295 1909 1346 expo-

525 1372 697 1411 nemus
732 1375 811 1409 res
840 1393 854 1418 ‚
899 1359 960 1408 de
990 1359 1160 1426 quibus
1203 1356 1372 1408 disturi
1408 1356 1584 1406 sumus.
1624 1355 1907 1405 Benevolos

524 1432 773 1482 auditores
807 1433 972 1482 facere
1008 1444 1216 1498 quatuor
1252 1430 1409 1480 modis
1443 1427 1684 1496 poss'umus
1708 1462 1724 1487 ‚
1759 1445 1788 1476 a
1819 1443 1908 1477 no·

526 1504 618 1555 stra
646 1536 662 1562 ‚
704 1507 763 1554 ab
797 1504 1175 1555 adversariorum
1197 1538 1216 1561 ‚
1253 1505 1314 1558 ab
1352 1503 1624 1553 auditorum
1659 1501 1863 1568 persona
1886 1535 1905 1561 ,

530 1577 586 1628 ἃ
616 1593 649 1624 a
683 1578 828 1626 rebus
861 1576 999 1642 ipsis-

603 1648 672 1699 V.
725 1648 773 1703 Α
813 1649 971 1698 nostra
1022 1642 1227 1714 persona
1275 1647 1667 1699 benevolentiam
1708 1659 1908 1699 contra-

525 1721 700 1772 hemus
745 1755 763 1781 ,
831 1723 872 1772 si
926 1721 1135 1772 nostrum
1194 1719 1406 1772 officium
1466 1722 1569 1772 sine
1632 1723 1906 1789 arrogantia

519 1795 820 1856 ,laudabimus
843 1808 994 1854 ‚f-aut
1033 1797 1082 1845 in
1118 1813 1275 1862 remp.
1313 1797 1478 1863 quales
1516 1795 1742 1846 fuerimus
1768 1829 1782 1853 ‚
1821 1807 1906 1845 aut

520 1868 573 1919 in
619 1881 846 1935 parentes
868 1903 883 1928 ‚
930 1881 1014 1919 aut
1048 1870 1098 1919 in
1132 1870 1314 1921 amicos
1339 1902 1354 1928 ‚
1375 1928 1380 1932 ¹
1400 1880 1484 1919 aut
1521 1870 1572 1919 in
1607 1885 1694 1919 eos
1729 1867 1857 1935 ipsos
1883 1902 1903 1929 ‚

515 1942 607 2009 qui
648 1944 883 2002 audiunt,
925 1944 1009 1994 vel
1050 1960 1218 1994 omnes
1241 1977 1257 2003 ,
1303 1944 1386 1994 vel
1433 1944 1621 2011 aliquos
1644 1975 1677 2010 ,Π
1712 1942 1906 2009 refere-

449 2054 454 2059 .
520 2033 628 2066 mus
653 2050 669 2075 ,
708 2017 975 2067 dummodo.
998 2016 1106 2067 haec
1139 2019 1301 2067 omnia
1333 2017 1395 2066 ad
1431 2033 1536 2066 eam
1575 2016 1720 2084 ipsam
1753 2033 1856 2067 rem
1881 2048 1902 2076 .

514 2089 586 2148 ,de
618 2107 711 2156 qua
741 2091 901 2158 agitur
922 2124 937 2149 ‚
973 2091 1069 2141 sint
1102 2091 1483 2143 accommodata.
1515 2093 1641 2141 Item
1668 2090 1709 2142 si
1741 2089 1902 2142 nostra

512 2162 827 2215 incommoda
865 2165 1167 2231 proferemus
1196 2199 1212 2224 ‚
1252 2165 1461 2230 inopiam
1487 2199 1503 2225 ,
1547 2164 1849 2216 solitudinem
1882 2198 1902 2225 ‚

503 2238 845 2288 'calamitatem
876 2254 892 2288 t
932 2239 984 2289 &
1012 2239 1054 2289 si
1094 2238 1334 2289 orabimus
1359 2272 1375 2298 ,
1415 2251 1472 2289 ut
1506 2239 1645 2289 nobis
1681 2240 1778 2290 sint
1813 2257 1902 2292 au-

512 2309 639 2378 Jilio
668 2329 687 2370 3
724 2312 864 2362 simul
897 2311 1203 2362 ostendemus
1229 2347 1244 2371 ,
1288 2330 1379 2364 nos
1412 2313 1600 2365 inaliis
1638 2313 1767 2380 spem
1806 2332 1902 2366 no-

511 2384 655 2434 luifl'e
685 2383 882 2435 habere.
919 2385 996 2435 Ab
1026 2386 1406 2436 adversariorum
1435 2389 1639 2452 persona
1679 2389 1902 2439 benevo-

509 2456 672 2506 lentia
706 2457 973 2522 captabitur
994 2491 1009 2515 ,
1044 2460 1086 2508 si
1118 2475 1205 2508 eos
1241 2459 1289 2508 in
1323 2460 1483 2510 odium
1504 2494 1518 2518 ‚
1557 2462 1605 2509 in
1638 2462 1894 2521 invidiam.

507 2529 568 2580 jn
616 2531 1029 2595 contemptionem
1071 2531 1385 2582 adducemus.
1436 2532 1492 2581 ln
1535 2533 1698 2582 odium
1737 2536 1900 2598 rapie-

507 2621 662 2662 mus,
712 2604 754 2654 si
801 2605 917 2671 quid
962 2621 1132 2654 eorum
1175 2603 1344 2669 spurce
1378 2638 1394 2664 ‚
1448 2604 1650 2671 superbe
1683 2639 1699 2665 ,
1749 2606 1896 2672 perfi-

504 2677 655 2728 diose
677 2711 693 2736 ,
735 2678 998 2728 crudeliter
1024 2711 1040 2737 ‚
1098 2677 1401 2729 confidenter
1425 2713 1440 2737 ,
1478 2678 1716 2730 malitiose
1739 2714 1755 2735 ,
1811 2681 1895 2732 fla-

504 2750 689 2819 gitiose
740 2752 915 2802 fastum
961 2753 1283 2819 proferemus.
1345 2754 1401 2804 In
1454 2753 1677 2803 invidiam
1729 2755 1895 2805 trahe..

512 2842 618 2875 mus
642 2859 656 2884 ‚
687 2826 727 2875 si
762 2828 857 2876 vim
881 2861 895 2885 ‚
934 2827 974 2877 si
1011 2828 1277 2892 potentiam
1297 2861 1312 2885 ,
1348 2827 1599 2877 fastionem
1622 2861 1635 2886 ‚
1664 2828 1848 2877 divitias
1867 2862 1890 2886 ,

508 2897 908 2952 incontinentiam
938 2934 953 2960 ‚
998 2902 1300 2951 nobilitatem
1327 2934 1341 2959 ‚
1395 2903 1642 2952 clientelas
1667 2935 1680 2960 ‚
1726 2904 1889 2968 hospi·

510 2972 580 3021 tia
603 3006 618 3030 ,
658 2972 932 3025 sodalitates
955 3009 970 3033 ,
1010 2974 1268 3024 affinitates
1307 2975 1679 3025 adversariorum
1716 2977 1887 3040 profe-

511 3061 675 3094 temus
698 3079 715 3100 2
763 3049 814 3099 ὃ(
850 3049 921 3098 his
962 3048 1249 3114 adjumentis
1290 3041 1436 3115 magis
1463 3083 1476 3107 ,
1521 3052 1656 3114 quam
1694 3050 1887 3098 veri:ati

512 3132 604 3164 eos
645 3118 885 3169 confidere
923 3123 1211 3186 aperiemus.
1262 3121 1317 3172 In
1355 3122 1766 3186 contemptionem
1796 3122 1885 3168 nd·-

497 3189 745 3257 §ucemus
766 3225 783 3253 ‚
816 3194 856 3246 si
892 3195 1112 3247 inertiam
1140 3229 1157 3255 ,
1196 3197 1429 3267 ignaviam
1451 3230 1466 3258 ,
1509 3195 1736 3246 desidiam
1759 3229 1775 3258 ,
1811 3199 1887 3264 lus!

1548 3266 1708 3320 Aiv.
