2400 4067
309 452 601 518 Rnaroarcn
632 452 730 519 ιιι.
759 455 809 525 II.
863 475 945 546 299⁷

251 571 372 647 preti03
390 585 438 627 aut
453 588 548 637 num,
566 567 627 648 qui)
637 565 731 709 sqpuph
723 570 807 628 cium
819 569 941 664 aliquod

253 651 356 722 vitet,
380 649 417 708 eo
439 650 590 730 praemium
701 648 765 722 let,
785 651 827 708 uti
849 650 886 712 de
909 652 941 715 se

250 750 323 810 prae]
317 727 452 789 udiciurn
467 727 575 788 faeium
591 670 655 789 etia
663 728 811 789 videatur.

295 754 465 871 XXXIX.
487 808 523 869 In
543 813 653 890 praemii
674 827 772 870 autem
795 828 903 893 genere
925 823 942 887 ,ζ

253 889 347 972 quid,
369 892 401 951 &
419 908 581 971 quantum,
604 891 637 952 ὃ(
657 889 849 972 quamobrem
868 913 940 973 pos·

254 971 383 1045 tuletur‚
406 973 439 1031 &
465 993 548 1066 quo,
571 973 605 1031 &
623 989 732 1053 quanto
752 993 873 1055 quaeque
893 993 941 1034 res

248 1053 374 1131 praemio
398 1051 523 1141 digna
502 1071 558 1124 sit,
578 1052 817 1114 considerabitur.
841 1051 942 1114 Dein-

254 1131 314 1205 de,
334 1133 411 1214 apud
430 1154 557 1211 malores
575 1135 679 1214 quibus
696 1135 885 1209 hominibus,
905 1135 939 1197 &

255 1215 357 1294 quibus
378 1214 416 1275 de
434 1215 524 1274 causis
545 1213 612 1274 talis
629 1215 726 1276 honos
746 1217 782 1275 sit
799 1215 941 1290 habitus,

254 1311 407 1376 quaeretur.
433 1293 553 1357 Deinde
578 1316 616 1356 ne
642 1300 666 1357 is
692 1297 789 1358 honos
818 1298 940 1356 nimium

254 1393 441 1467 pervagetur.
470 1374 569 1455 Atque
589 1375 637 1434 hic
662 1373 747 1455 ejus,
789 1397 941 1437 utcontra

254 1455 381 1537 aliquem
398 1457 556 1549 praemium
565 1455 760 1535 postulantem
737 1398 875 1531 tiicet,
893 1457 943 1518 lo·

255 1558 305 1596 cus
328 1539 383 1597 erit
410 1537 599 1610 communis,
628 1534 748 1596 Praemia
772 1539 883 1598 virtutis
908 1539 941 1599 &

257 1616 368 1691 officii,
384 1615 478 1676 santia
496 1617 529 1678 &
544 1613 619 1676 casta
632 1615 689 1678 effe
706 1633 870 1698 oportere,
887 1639 942 1682 ne·

255 1719 314 1779 que
335 1719 370 1759 ea
386 1714 434 1758 aut
456 1719 521 1757 cum
541 1698 682 1777 improbis
706 1700 942 1774 communicari,

256 1796 305 1838 aut
323 1780 352 1839 in
369 1778 563 1839 mediocribus
580 1779 746 1839 hominibus
764 1781 943 1874 pervulgari.

258 1859 295 1921 Et
315 1861 408 1933 alter,
427 1859 525 1922 Minus
538 1861 672 1920 homines
688 1862 799 1920 virtutis
818 1862 943 1944 cupidos
1037 1893 1040 1897 v

256 1941 346 2016 fore,
370 1943 482 2001 virtutis
505 1943 627 2022 praemio
651 1942 854 2025 pervulgato:
877 1963 941 2037 quae

256 2026 334 2083 enim
353 2044 436 2095 rara,
457 2023 489 2083 &
506 2022 595 2082 ardua
611 2025 689 2096 sint,
712 2044 747 2083 ea
765 2042 802 2083 ex
804 2025 944 2163 praemio

256 2104 393 2185 pulchra,
413 2103 445 2161 δι
461 2101 585 2182 jucunda
598 2103 765 2164 hominibus
782 2126 814 2164 vi
835 2125 877 2165 ert
904 2103 945 2165 Et

260 2187 384 2256 tertius,
409 2181 439 2243 Si
461 2182 619 2257 exsistant,
641 2186 690 2264 qui
713 2183 791 2264 apud
815 2182 949 2265 maiores.

259 2263 377 2324 nostroe
389 2264 429 2320 ob
446 2266 593 2344 egregiam
610 2265 748 2323 virtutem
760 2263 811 2322 tali
826 2263 947 2325 honore

260 2345 371 2426 dignati
387 2340 470 2415 sunt,
489 2361 588 2402 nonne
608 2341 645 2401 de
657 2341 752 2400 sual
754 2344 815 2401 oria
827 2387 839 2414 ,
853 2364 946 2423 quum

260 2427 355 2507 parip
337 2423 457 2503 praemio
474 2424 547 2483 tales
563 2422 697 2482 homines
708 2363 783 2482 αξιοι
802 2421 921 2484 videant
934 2468 949 2496 r

261 2505 381 2564 delibari
401 2503 530 2599 putent?
556 2504 589 2563 &
612 2523 716 2564 eorum
738 2506 920 2564 enumeratio
935 2549 951 2578 ,

261 2586 292 2646 &
309 2587 448 2659 cumeis,
467 2605 541 2666 quos
558 2600 660 2645 contra
677 2583 754 2644 dicat
765 2605 947 2669 ,·compara

261 2671 315 2729 tio.
345 2663 414 2744 Ejus
439 2683 559 2740 autem,
586 2667 636 2748 qui
660 2667 810 2748 praemium
837 2683 952 2748 petet,¹

262 2747 330 2809 faeii
341 2746 382 2807 sui
395 2745 604 2828 amplificatio,
627 2746 659 2806 &
672 2768 797 2822 eorum,
813 2749 862 2830 qui
874 2769 954 2828 prae·

263 2832 324 2888 mio
338 2825 430 2887 affeffi
442 2827 526 2903 sunt,
543 2850 610 2888 cum
624 2826 678 2888 suis
691 2828 771 2888 saetis
782 2829 952 2889 contentio.

263 2905 384 2967 Deinde
402 2924 515 2969 ceteros
532 2931 549 2967 a
563 2925 674 2969 virtutis
688 2907 782 2969 studio
802 2906 952 2989 repulsum

265 2990 321 3063 iti,
339 3009 366 3047 si
354 2985 437 3070 ipse
451 2991 571 3069 praemio
588 3009 651 3050 ιιοιι
668 2991 702 3050 sit
718 2987 846 3127 afflqims.

795 3089 832 3148 ΥΡ
