2400 4067
263 536 270 553 ⁶
330 461 403 531 208
454 464 528 530 Da
553 465 897 535 [irruimus

243 610 245 614 ·
327 576 397 636 dum
420 601 494 639 nunc
514 579 596 640 illurn
618 582 776 660 patiamur,
798 600 896 659 quum
920 575 1019 660 praesti>

326 657 374 717 lex
384 662 436 732 sir,
449 681 509 720 non
522 681 628 734 exeo,
641 660 720 742 quod
733 660 923 741 apertissime
936 659 1019 741 scrip-

326 751 390 796 tum
403 738 463 814 est,
477 739 527 802 sed
541 763 577 802 ex
595 763 655 815 eo,
668 741 748 821 quod
762 738 820 799 suae
836 739 935 801 causae
949 762 1016 800 con·

327 820 408 879 venit
426 867 435 895 ,
456 821 597 902 scriptoris
619 821 799 881 voluntatem
821 822 1016 902 interpretari.

328 898 420 977 Quod
439 905 553 976 sivos,
572 903 708 975 ludices,
727 900 838 984 legibus
854 901 966 963 obtem
986 923 1017 962 e·

327 1000 388 1039 rare
412 981 545 1056 deberis,
567 985 599 1043 &
620 983 650 1042 id
671 982 765 1043 facere
786 1002 850 1041 non
897 999 951 1043 ote
976 986 1018 1056 's,

327 1060 380 1119 nisi
398 1062 477 1142 quod
498 1062 631 1143 scripturn
648 1062 689 1123 est
705 1065 735 1120 in
757 1062 847 1144 lege,
867 1004 1020 1144 diequami·

282 1215 284 1218 .
327 1141 377 1211 ni,
394 1143 462 1220 quid
476 1142 563 1202 causae
578 1143 639 1215 est,
657 1145 725 1224 quin
741 1140 825 1201 istum
846 1160 956 1204 contra
973 1144 1018 1204 le·

327 1239 395 1300 gem
408 1220 504 1283 feciffe
515 1222 665 1303 judicetis?

370 1302 648 1385 71.Assumpti0nis
677 1299 783 1364 autem'
800 1303 1019 1386 approbatione
1061 1332 1062 1339 ¹

328 1384 492 1462 preterita,
510 1384 710 1468 quadripartita
725 1388 764 1443 sic
783 1383 835 1445 liet
931 1406 1017 1447 men-

328 1465 398 1523 tatio
417 1485 425 1523 t
444 1466 506 1546 Qui
521 1465 717 1549 saepeniunero
731 1487 785 1524 nos
819 1406 964 1527 eralidlelm
976 1466 1020 1528 fe·

329 1541 463 1606 fellerunt
486 1592 495 1621 ‚
517 1568 619 1608 eorum
642 1547 765 1607 orationi
790 1487 886 1606 idem
909 1546 1020 1609 habere

330 1645 392 1684 non
411 1626 560 1688 debemus.
579 1627 610 1688 Si
624 1628 692 1709 quid
709 1629 786 1687 enim
804 1625 931 1707 perfidiis
949 1628 1020 1687 illo-

325 1726 395 1764 rum
415 1707 577 1768 detrimenti
592 1710 783 1788 acceperimus
798 1752 807 1780 ,
824 1727 919 1768 nerno
942 1712 1020 1782 erit,

330 1804 434 1864 praeter
453 1787 664 1868 nosmetipsos,
687 1807 775 1868 quem
796 1785 862 1866 jure
885 1788 1021 1850 accusare

331 1869 483 1944 possimus.
497 1867 543 1928 Ac
555 1869 650 1949 primo
665 1868 782 1948 quidem
796 1867 891 1948 decipi
902 1870 1020 1928 incom-

332 1948 456 2007 modum
468 1947 509 2008 est
523 1971 531 2007 ε
549 1951 669 2021 iterum,
683 1946 796 2008 stultum
815 1968 822 2005 ε
836 1949 926 2008 tertio
937 1995 949 2022 ‚
962 1967 1021 2009 tur-

333 2047 381 2106 pe.
389 2027 635 2112 Carthaginienses
647 2047 743 2090 autem
751 2026 878 2110 persaepe
889 2024 953 2103 iam
966 2050 1021 2089 nos

333 2106 506 2169 fefellerunt.
530 2109 649 2170 Summa
673 2113 756 2193 igitur
778 2112 905 2168 amentia
928 2108 973 2175 est
991 2113 1020 2170 in

335 2207 437 2248 eorum
456 2189 514 2251 lide
534 2190 615 2272 spem
632 2191 761 2263 habere,
780 2209 907 2271 quorum
928 2190 1022 2272 perfr-

336 2269 382 2331 dis
396 2273 483 2331 toties
497 2272 632 2353 deceptus
648 2276 693 2331 sis.

324 2391 328 2396 -
376 2371 426 2426 72.
448 2353 579 2434 Utrique
611 2352 817 2434 approbatione
845 2354 1022 2431 praeteriti,
1057 2380 1060 2387 ·

335 2433 473 2513 tripartita
489 2433 541 2507 lit,
559 2433 721 2514 hocpaeto
745 2453 752 2491 τ
777 2430 837 2490 Aut
856 2449 1022 2494 metuamus

337 2509 582 2595 Carthaginienses
600 2530 736 2593 oportet,
755 2515 776 2569 si
788 2512 952 2573 incolumes
970 2535 1023 2574 eos

336 2594 533 2673 reliquerimus
550 2614 558 2664 ;
578 2611 738 2655 aureorum
751 2592 852 2653 urbem
866 2592 1023 2655 diruamus.

337 2671 385 2730 Ac
405 2682 534 2733 meruere
552 2673 669 2752 quidem
692 2694 753 2733 non
775 2689 903 2754 oportet.
924 2673 1025 2734 Restat

338 2754 442 2836 igitur,
457 2771 489 2812 ut
506 2753 607 2813 urbem
625 2753 777 2814 diruamus.

326 2888 329 2895 .
381 2834 449 2894 XL.
470 2834 542 2894 Sunt
562 2850 659 2894 aurem
681 2836 730 2915 qui
752 2835 852 2916 putant
870 2836 1026 2896 nonnum-

340 2935 426 2995 quam
443 2913 521 2997 polle
541 2916 745 2996 complexione
766 2917 798 2975 &
816 2933 954 2996 oportere
980 2915 1027 2974 sn-

333 2996 502 3078 ,persederi‚
521 3017 610 3078 quum
626 2996 657 3058 id
674 2995 853 3081 perspicuum
871 2999 906 3057 sir
918 3042 933 3071 „
947 2998 1033 3078 quod
