2400 4067
144 501 169 600 f
238 515 302 569 An
328 497 595 568 Hnntnutun
622 498 660 565 L.
685 499 751 567 IV.
803 514 877 592 117

144 605 149 626 ³
177 617 260 667 ratim
277 619 312 667 sic
331 635 338 667 ι
359 616 430 687 Quini
444 616 465 665 si
484 618 634 674 concordiam
651 617 816 674 retinebimus,
833 618 876 667 im-

153 691 251 759 perit
246 691 446 758 magnitudinem
462 687 524 757 solis
540 708 593 741 ortu
609 707 678 756 atque
695 688 778 757 occaso
795 694 878 741 metit·

144 775 158 816 t·
183 780 250 813 mur.
275 764 489 829 comparatione,
512 779 554 814 aut
574 783 588 813 a
608 765 782 821 similitudine,
804 778 845 813 aut
864 782 879 813 a

144 837 324 905 <praestantia
345 837 473 901 superlatio
489 838 594 888 sumitur.
612 839 634 886 A
653 838 843 887 similitudine'
823 854 879 888 stc·

188 913 297 978 Corpore
312 910 403 960 niveum
419 912 560 968 candorem,
577 909 707 978 adspec‘lu
698 930 788 978 igneum
806 912 880 960 ardo·

144 1037 147 1042 ,
188 1001 240 1034 rem
257 982 424 1050 assequebatur.
442 985 464 1033 A
482 986 612 1051 praestantia
629 986 676 1033 hoc
692 985 765 1034 modo
784 1002 790 1033 :
810 984 879 1049 Cujus

151 1055 164 1066 ''
189 1075 233 1106 ore
246 1053 323 1122 sermo
340 1058 410 1106 melle
427 1058 519 1108 dulcior
531 1058 674 1143 profluebat:
693 1059 786 1107 Eodem
805 1075 879 1124 gene·

150 1137 154 1143 '
190 1147 220 1179 te
242 1133 290 1180 hoc
308 1130 364 1181 est:
387 1131 476 1180 Tantus
496 1148 547 1181 erat
564 1134 589 1181 in
611 1132 681 1180 armis
694 1128 833 1197 splendor,
852 1145 878 1180 ut

144 1200 252 1269 solis
271 1203 356 1271 fitlgor
377 1202 498 1271 obscurior
515 1207 641 1254 uideretur.
666 1204 801 1254 lntelteuio
822 1203 877 1263 est,

144 1341 145 1346 1
144 1287 267 1342 quum
285 1294 324 1325 res
345 1290 397 1326 tota
418 1280 489 1342 parva
508 1279 537 1327 de
554 1292 623 1343 parte
642 1278 817 1344 cognoscitur,
837 1290 880 1327 aut

194 1350 227 1396 (le
247 1362 302 1397 toto
321 1367 384 1413 pars.
409 1351 449 1398 De
471 1364 539 1414 parte
560 1364 639 1399 totum
659 1352 694 1399 sic
714 1351 878 1415 intelligitur.

195 1422 254 1471 Non
272 1422 320 1469 illn
337 1437 359 1469 tt
377 1422 493 1486 nuptiales
511 1421 613 1471 tibio
592 1441 640 1486 elus
656 1421 798 1470 matrimonii
816 1440 881 1470 com-

156 1505 163 1512 “
194 1493 323 1542 monebant
335 1498 346 1541 Ρ
358 1495 419 1543 Num
432 1494 471 1541 hic
489 1495 565 1543 omnis
581 1494 730 1543 sanilimonia
747 1496 882 1559 nuptiarum

196 1585 245 1615 uno
263 1568 332 1634 signo
351 1568 459 1615 tibiarum
476 1568 625 1633 intelligitur.
642 1569 680 1615 De
697 1582 753 1621 toto
767 1586 839 1633 pars,
855 1580 882 1618 ut

196 1641 216 1690 si
233 1642 286 1705 quis
304 1642 343 1697 ei,
362 1642 402 1705 qui
415 1640 523 1689 vestitum
540 1653 706 1689 automatum
723 1641 883 1705 sumptuosum

197 1714 320 1771 ostentet,
339 1714 402 1762 dicat
420 1730 427 1763 :
446 1714 555 1775 Ostentas
570 1714 626 1761 milti
643 1713 758 1769 diuitias,
777 1713 883 1763 &locu-

194 1787 271 1854 pletes
287 1788 367 1854 copias
381 1787 464 1851 jacias.

233 1875 278 1920 45.
301 1863 338 1908 Ab
355 1878 405 1909 uno
424 1863 490 1926 plura
509 1861 698 1927 intelliguntur,
720 1861 768 1910 hoc
786 1861 881 1912 modo:

198 1932 271 1983 Poeno
289 1931 340 1998 fnit
360 1931 480 2001 Hispanus
504 1934 595 1982 anxilio
614 1969 621 1992 ‚
643 1934 692 2000 fuit
713 1934 817 1983 immanis
839 1935 883 1984 ille

200 2004 368 2073 Transalpinns
393 2024 401 2054 r
428 2009 451 2056 in
474 2005 551 2056 Italia
575 2026 663 2072 quoquc
684 2008 744 2056 idem
766 2026 881 2059 nonnemo

198 2095 292 2146 togatus
310 2078 392 2145 sensit.
415 2082 435 2128 A
454 2082 560 2145 pluribus
577 2098 649 2129 unum
667 2082 700 2129 sic
718 2082 882 2147 intelligitur:

198 2153 280 2203 Atrox
297 2154 419 2201 calamitas
438 2155 533 2219 potiora
550 2171 645 2202 moerorc
660 2150 779 2219 pulsabat.
799 2153 883 2220 Itaque

160 2230 171 2252 ’·
199 2227 313 2275 anhelans
329 2243 359 2272 ex
375 2225 426 2272 imis
440 2225 587 2290 pulmonibus
601 2244 648 2291 prae
664 2244 718 2273 cura
730 2224 827 2292 spiritus
843 2230 884 2276 du·

199 2298 304 2348 celatur.
325 2300 385 2344 Nam
405 2298 427 2343 in
447 2297 606 2359 superioribus
623 2299 702 2360 plures
724 2299 839 2361 Hispani,
858 2302 885 2350 δι

143 2422 149 2428 ,
202 2372 287 2427 Galli,
307 2371 332 2419 ὅ(
348 2369 440 2434 togati,
453 2367 492 2416 hic
508 2386 580 2415 unum
597 2369 695 2432 petius,
715 2371 740 2418 &
755 2388 814 2419 unus
831 2374 887 2435 pul·

201 2463 242 2495 mo
259 2443 401 2509 intelligitur
421 2458 428 2490 t
448 2442 474 2490 &
494 2441 540 2489 etit
560 2442 609 2488 illic
629 2442 755 2491 diminutus
774 2460 887 2495 numerus

201 2516 355 2571 festivitatis,
373 2515 412 2563 hic
427 2514 539 2563 adauilus
555 2514 678 2580 gravitatis
695 2516 779 2579 gratii.
794 2517 900 2567 Abusio

161 2581 163 2586 ¹
200 2591 250 2648 est,
272 2608 325 2654 quae
343 2590 419 2637 verbo
441 2587 555 2637 simili&
576 2588 732 2652 propinquo,
751 2606 794 2652 pto
817 2605 887 2641 certo

167 2688 170 2692 ·
203 2664 229 2715 ὃ(
248 2664 346 2728 proptio
367 2662 493 2718 abutitur,
513 2662 561 2708 hoc
579 2661 653 2724 modo¹
675 2678 681 2709 ι
700 2659 768 2710 Vires
787 2663 886 2714 hominis

202 2737 283 2786 breves
300 2732 356 2801 sunt
375 2754 384 2792 ‚·
405 2747 446 2783 aut
462 2752 539 2801 parva
550 2734 665 2795 statura,
687 2747 728 2782 aut
746 2735 840 2803 longum
860 2738 886 2788 in

202 2810 293 2859 homine
318 2808 439 2857 consilium
463 2826 472 2866 ς
499 2820 541 2856 aut
564 2807 643 2856 oratio
664 2825 765 2874 magna,
788 2823 829 2859 nut
851 2812 887 2860 uti

200 2900 278 2950 pauco
294 2879 409 2946 sermone.
427 2883 489 2931 Nam
504 2880 542 2931 hic
560 2881 630 2930 facile
648 2881 681 2929 est
697 2882 839 2938 intellellu,
856 2884 886 2932 fi·

202 2958 285 3006 ultima
302 2955 375 3003 verba
389 2972 468 3005 tetum
483 2955 644 3015 dissimilium,
655 2957 749 3007 ratione
765 2956 887 3009 abusionis

199 3028 248 3080 elle
267 3027 384 3081 tradunt.
