2400 4067
454 520 744 593 Torrcu
860 546 933 622 μι

250 635 358 698 tiol'um
371 638 401 697 in
414 657 446 698 re
459 637 569 698 infinita
577 643 800 719 praetermittete
818 642 938 724 aliquid.

254 717 351 799 Quod
360 718 439 778 idem
450 721 479 777 in
494 719 638 780 divisione
647 721 782 782 vitiosum
792 721 843 783 est.
864 725 940 784 For·

251 820 366 860 tuarum
380 800 459 859 enim
469 816 563 858 certus
577 799 618 860 est
627 822 784 876 numerus,
823 825 867 861 ure
877 807 941 865 cui·

252 899 311 962 que
346 882 426 939 eneti
441 877 634 958 subjiciantur.
664 881 791 943 Partium
803 825 940 945 listribu-

252 963 297 1021 tio
316 901 390 1041 lagepe
406 958 446 1019 est
461 959 619 1036 infinitior,
641 978 790 1044 tamquam
808 967 946 1028 rivorum·

255 1063 274 1100 a
284 1039 368 1101 fonte
382 1039 527 1101 dedufflo.
703 1049 706 1055 '

299 1139 346 1199 34.
358 1119 459 1202 Itaque
473 1123 502 1180 in
515 1122 648 1182 oratoriis
664 1124 789 1200 artibus,
806 1124 940 1208 quaestio·

253 1202 298 1262 nis
320 1221 429 1283 genere
452 1205 627 1282 proposito,
654 1223 726 1284 quot
746 1205 809 1286 ejus
831 1206 936 1268 format

254 1286 333 1356 sint,
358 1279 537 1363 subjungitur
558 1281 688 1344 absolute
708 1306 715 1344 :
743 1304 772 1346 at
791 1308 880 1368 quum
899 1289 938 1350 de

253 1365 431 1424 ornamentis
453 1364 641 1436 verborum,
670 1363 935 1450 sententiarumque

253 1445 433 1525 praecipitur,
444 1464 507 1523 quae
517 1460 662 1502 vocantur
676 1449 819 1523 σχίμιΊι,
831 1469 891 1508 non
904 1447 938 1510 fit

253 1524 345 1584 idern.
375 1522 435 1584 Res
446 1525 524 1583 enirn
542 1521 583 1583 ell
599 1521 756 1596 infinitior,
776 1543 808 1585 ut
828 1548 865 1588 ex
880 1529 937 1590 hoc

257 1623 374 1686 quoque
382 1604 565 1684 intelligatur,
576 1603 657 1684 quod
662 1604 785 1664 velimus
793 1607 867 1667 inter
876 1630 940 1689 pat·

253 1688 406 1759 titionem,
424 1685 456 1744 &
470 1685 645 1744 divisionem
654 1684 795 1746 interelle.
821 1687 940 1766 Quam·

255 1787 343 1848 quam
361 1769 440 1826 enim
459 1765 604 1825 vocabula
620 1766 713 1846 prope
739 1763 817 1825 idem
838 1769 937 1832 valere

254 1847 426 1919 videantur3
439 1864 538 1906 tamen
549 1849 616 1928 quia
627 1865 673 1905 res
684 1842 871 1925 differebant,
883 1872 940 1914 no·

255 1931 440 1991 minaturum
451 1926 552 1988 distare
563 1927 731 1988 voluerunt.

299 2026 346 2091 35.
369 2007 464 2068 Multa
485 2011 572 2069 etiam
590 2029 626 2069 ex
644 2009 797 2068 notatione
815 2006 936 2074 sumun-

253 2105 324 2149 tur:
352 2108 388 2148 ea
405 2087 446 2148 est
465 2108 582 2159 autern,
603 2108 692 2168 quum
710 2108 746 2148 ex
762 2088 793 2147 vi
810 2095 936 2153 nominis

256 2184 458 2252 argumentum
475 2168 605 2235 elicitur;
623 2187 710 2246 quam
728 2165 825 2226 Graeci
837 2175 936 2244 ὶτυμο·

254 2254 348 2322 λογίαι
369 2262 500 2315 vocant,
520 2245 550 2303 id
571 2243 635 2317 est,
665 2245 788 2304 verbum
813 2266 851 2305 ex
867 2270 938 2309 ver·

252 2329 315 2400 bo,
331 2326 425 2388 verilo
467 2327 537 2382 ium.
574 2321 640 2382 Nos
657 2338 754 2382 autem
771 2327 935 2390 no'vitatem

253 2409 339 2469 verbi
356 2427 417 2465 non
428 2344 497 2463 tlalus
513 2426 529 2463 a
551 2401 751 2485 tifugientes‚
790 2424 860 2465 enus
877 2408 936 2471 hoc

256 2489 440 2548 notationem
457 2425 658 2625 aplpellamus,
680 2485 749 2624 juia
764 2423 827 2545 fiunt
844 2490 937 2551 verba

256 2587 353 2627 retum
369 2582 454 2627 notae.
501 2583 586 2648 taque
596 2565 654 2625 hoc
668 2567 678 2623 i
700 2585 747 2625 ern
764 2563 936 2632 Aristoteles

257 2647 391 2723 σόμέολοι
410 2647 558 2728 appellat,
577 2645 658 2727 quod
675 2645 775 2706 Latine
795 2645 836 2708 est
853 2666 935 2714 nota.
957 2647 959 2651 Α

255 2725 315 2786 Sed
335 2748 423 2807 quum
440 2727 626 2808 intelligitur,
649 2726 718 2808 quid
739 2728 933 2810 significetur,

256 2807 351 2864 minus
363 2807 553 2865 laborandum
564 2806 605 2866 est
618 2806 654 2866 de
665 2810 795 2867 nomine.

301 2885 347 2960 36.
364 2885 459 2945 Multa
468 2889 551 2966 igitur
560 2890 590 2944 in
601 2884 770 2964 disputando
781 2891 934 2954 notatione

257 2966 407 3025 eliciuntur
423 2986 459 3024 ex
473 2965 588 3037 verbo,
608 2981 659 3036 ut,
678 2987 766 3045 quum
783 2970 934 3046 quaeritur,

257 3047 456 3127 Postliminium
474 3045 542 3126 quid
559 3047 611 3105 sit:
626 3066 687 3104 non
703 3046 787 3116 dicu,
807 3067 869 3128 quae
879 3051 933 3109 sint

718 3124 772 3205 sn
