2400 4067
319 457 397 533 230
446 441 523 509 Du
551 440 882 507 qunurioun

316 555 420 626 rium,
444 555 631 634 tyrannicum
649 549 832 614 fabiumeffe
854 550 1009 625 dicamus,

317 653 372 714 per
395 637 481 708 vim,
504 655 557 716 per
580 655 700 695 manum
724 633 922 715 opulentam,
942 654 1009 715 quae

318 714 417 809 nesab
432 716 564 798 legibus,
579 715 613 777 &
629 715 665 776 ab
681 714 815 797 aequabili
827 712 891 796 jure
907 731 1010 776 remo·

316 810 425 855 tlsslma
439 799 486 857 sit.

360 875 440 938 LIV.
457 876 589 939 ouavus
603 874 645 939 est
659 876 762 951 locus,
777 896 831 958 per
845 895 941 957 quem,
954 875 1010 937 de-

317 956 530 1031 monstramus,
547 980 609 1019 non
623 957 765 1041 vulgate,
782 976 879 1039 neque
895 956 1011 1018 fanin-

317 1053 380 1097 tum
396 1036 475 1113 effe,
491 1060 530 1101 ne
547 1040 583 1099 ab
603 1039 797 1102 audacissimis
814 1037 934 1120 quidem
950 1038 1009 1098 ho·

317 1119 442 1182 minibus
457 1165 467 1194 ‚
484 1120 514 1180 id
532 1118 731 1194 maleficium,
752 1118 789 1182 de
808 1140 869 1201 quo
888 1119 1007 1202 agitur,

316 1215 405 1281 atque
423 1200 453 1259 id
471 1200 570 1262 aseris
591 1222 651 1282 quo
674 1220 710 1263 ue
727 1200 919 1275 hominibus,
940 1197 1009 1261 &i

315 1279 443 1342 barbaris
466 1282 624 1363 gentibus,
650 1222 684 1343 d(
710 1282 885 1342 immanibus
911 1279 1008 1343 bestiis

316 1379 465 1423 remotum
480 1360 549 1423 effe.
566 1362 640 1424 Haec
653 1379 758 1436 erunt,
775 1364 884 1444 quaein
899 1383 1008 1443 paren·

317 1458 387 1517 tes,
409 1444 517 1505 liberos
532 1488 542 1517 ,
563 1441 705 1525 conjuges
718 1448 727 1517 ’,
751 1443 1008 1525 consanguineos,

317 1522 486 1605 supplices,
513 1524 669 1586 crudeliter
692 1522 766 1584 fabia
789 1524 948 1598 dicentut3
974 1525 1007 1585 δι

317 1604 457 1688 deinceps
482 1607 505 1664 si
531 1627 588 1687 qua
613 1604 797 1686 proferantur
822 1608 853 1664 in
878 1603 1008 1685 majores

317 1704 387 1747 natu
399 1732 409 1762 ,
423 1689 453 1748 in
469 1684 618 1767 hospites,
636 1688 667 1748 in
682 1687 816 1760 vicinos,
833 1690 863 1745 in
878 1690 1009 1761 amicos3

316 1769 347 1829 i'n
365 1787 440 1842 eos,
457 1766 626 1848 quibuscum
642 1771 734 1830 vitam
751 1769 865 1849 egeris3
883 1770 1008 1843 ineos,

317 1851 399 1929 apud
414 1869 488 1930 quos
502 1848 641 1908 educatus
658 1851 695 1909 sis
708 1868 716 1921 ;
732 1851 762 1908 in
780 1868 852 1922 eos,
868 1870 885 1909 a
902 1850 1008 1931 quibus

317 1930 447 1990 eruditus
461 1949 471 2002 ;
489 1931 519 1987 in
535 1945 694 2003 mortuos,
713 1932 743 1989 in
759 1929 878 1990 miseros
896 1932 929 1991 &
949 1933 1009 1991 mi·

316 2008 472 2070 sericordii
487 2009 613 2092 dignos,
626 2010 807 2071 inhomines
821 2010 937 2087 claros,
952 2034 1010 2073 no·

318 2090 393 2151 biles
412 2092 445 2151 &
461 2090 575 2152 honore
595 2088 659 2151 usos
675 2112 683 2163 ;
701 2095 730 2151 in
749 2112 826 2165 eos,
843 2095 892 2173 qui
909 2098 1006 2175 neque

316 2170 424 2234 laedere
449 2173 560 2246 alium,
584 2193 640 2233 nec
663 2171 691 2234 se
713 2172 872 2234 defendere
897 2191 1008 2254 potue·

317 2270 405 2327 runt,
422 2271 454 2313 ut
466 2257 495 2313 in
509 2275 635 2334 pueros,
652 2252 754 2328 senes,
770 2254 905 2315 mulieres
921 2277 928 2315 :
945 2258 1010 2337 qui·

316 2333 371 2394 bus
392 2336 527 2395 omnibus
547 2338 651 2396 acriter
673 2338 796 2395 excitata
819 2335 1008 2417 indignatio,

319 2415 463 2476 summum
481 2420 509 2475 in
527 2436 616 2490 eum,
635 2420 684 2497 qui
697 2417 813 2476 violarit
831 2416 937 2477 horum
957 2419 1010 2478 ali·

316 2497 410 2577 quid,
429 2497 529 2556 odium
546 2517 739 2557 commovere
756 2500 876 2578 poterit.

364 2594 428 2650 104.
450 2576 554 2638 Nonus
573 2578 656 2638 locus
675 2576 738 2649 est,
758 2599 812 2659 per
830 2600 918 2660 quem
938 2602 1007 2641 cum

316 2655 402 2730 aliis,
420 2679 483 2738 quae
502 2657 614 2718 constat
633 2654 689 2717 effe
709 2676 850 2737 peccata,
868 2661 926 2721 hoc
945 2684 1007 2744 quo

317 2734 357 2796 de
375 2736 493 2818 quaestio
519 2737 584 2811 est,
607 2754 789 2817 comparatur
806 2760 816 2813 ;
831 2742 874 2814 ,du
893 2744 934 2801 ita
954 2764 1009 2824 per

314 2821 562 2889 contentionem,
580 2818 688 2898 quantb
709 2824 855 2897 atrocius,'
876 2823 909 2883 &
924 2825 1008 2884 indi-

356 2901 398 2959 ius
417 2902 452 2959 sit
468 2899 558 2972 illud,
576 2920 636 2980 quo
655 2898 691 2959 de
706 2904 818 2982 agitur,
833 2901 1007 2967 ostenditur.

315 2918 458 3043 becinis
481 2981 563 3042 locus
588 2977 656 3055 est,
685 3001 738 3064 per
762 3004 850 3066 quem
875 2987 977 3067 omniu
994 3033 1009 3062 ,

188 3233 325 3424 Ἴ
