2400 4067
330 488 407 561 266
455 490 529 558 Du
557 490 892 558 Inrunrrom

327 607 459 687 pellatur.
489 604 583 686 Hujus
606 603 690 664 nobis
715 602 850 684 exempla
870 583 1022 687 ¹permulta

325 686 498 767 optusum,
516 689 537 746 si
551 685 663 780 singula
678 683 898 744 transsationum
912 706 1023 769 genera

323 788 486 847 quaerurnus
507 788 516 826 ι
540 766 590 826 sed
617 786 683 846 quia
704 769 776 825 ratio
801 782 1021 862 praeceptorum

321 848 428 906 -similis
451 846 516 921 est,
540 846 741 926 exemplorum
760 846 950 908 multitudine
971 845 1020 907 su-

328 927 541 1008 persedendum
559 925 609 987 est.
627 927 668 986 At
708 929 766 987 ein
784 925 885 988 nostra
899 927 1020 1009 quidem

326 1006 532 1068 consuetudine
549 1008 646 1066 inultis
686 1027 703 1067 e
723 1009 813 1066 causis
831 1005 891 1082 fit,
919 1025 953 1068 ut
970 1031 1019 1070 ra-

323 1092 382 1148 rius
399 1089 523 1148 incidant
538 1087 744 1147 transsationes.
763 1085 842 1147 Nam
862 1089 896 1148 &
910 1085 1020 1172 praeto·

324 1172 374 1227 tiis
398 1168 614 1250 exceptionibus
633 1169 730 1228 multae
749 1167 945 1229 excluduntur
968 1191 1018 1230 ac·

324 1252 444 1323 tiones,
465 1251 550 1309 &ita
564 1247 609 1330 jus
626 1250 709 1310 civile
725 1247 865 1308 habemus
878 1247 1018 1310 c'onffitu—

320 1345 412 1405 ¹turn,
431 1348 462 1389 ut
477 1331 561 1390 causa
579 1329 723 1400 cadatis,
744 1331 793 1411 qui
810 1349 895 1405 non,
914 1349 1018 1414 quem·

327 1412 489 1471 admodum
508 1428 646 1492 oportet,
666 1412 765 1493 egerit.

373 1493 420 1573 58.
445 1492 547 1571 Quare
569 1494 599 1550 in
619 1489 681 1571 jun
701 1491 875 1572 plerumque
887 1487 1017 1552 ‘versan-

326 1588 384 1632 tur.
402 1572 446 1631 ibi
464 1576 543 1633 enim
559 1573 592 1631 &
610 1569 1015 1652 exceptionespostuiantur,

329 1653 363 1711 &
385 1652 607 1734 quodammodo
634 1652 738 1734 agendi
757 1649 886 1732 potestas
898 1649 1017 1728 datur,

329 1734 365 1792 ·&
392 1736 486 1793 omnis
513 1736 665 1814 conceptio
688 1735 866 1813 privatorum
890 1730 1018 1814 judicio.-

328 1833 393 1871 rum
419 1812 604 1872 constituitur.
631 1813 666 1871 1n
691 1814 759 1893 ipsis
782 1829 883 1872 autern
908 1811 1020 1876 'udiciis

330 1896 418 1952 rarius
434 1894 582 1966 incidunt,
602 1894 750 1953 &tamen
769 1895 867 1975 siqua
908 1915 930 1956 o
947 1897 1019 1956 inci-

330 1974 427 2047 dunt,
455 1973 599 2055 ejusmodi
620 1970 706 2048 sunt,
732 1989 764 2032 ut
786 1993 839 2055 per
867 1973 898 2036 se
923 1977 1018 2038 minin

329 2054 456 2114 habeant
476 2053 676 2115 firmitudinis:
693 2051 899 2114 confirmentur
920 2073 1018 2119 autern

331 2132 469 2215 assumpta
491 2136 545 2193 alia
570 2135 662 2215 aliqua
685 2132 897 2197 constitutione.
924 2137 1017 2198 Utin

329 2215 458 2297 quodam
477 2213 606 2293 judicio,
624 2236 712 2296 quum
728 2213 854 2276 venefici
869 2214 1017 2297 cujusdam

329 2318 440 2357 nomen
456 2296 526 2358 effet
546 2296 695 2370 delatum,
717 2296 772 2370 ἃ,
791 2298 859 2377 quia
875 2299 1018 2378 parricidii

331 2377 413 2437 causa
427 2377 579 2459 subscripta
597 2375 686 2449 estet,
701 2393 780 2436 extra
798 2377 937 2438 ordinem
951 2377 1018 2440 effet

229 2511 235 2520 .
326 2473 501 2539 acceptum,
520 2480 608 2539 quum
623 2461 654 2515 in
670 2456 847 2517 accusatione
865 2459 923 2520 alia
940 2479 1016 2542 quae*

331 2540 399 2596 darn
413 2542 529 2598 crimina
545 2537 660 2596 testibus
675 2538 706 2595 ὅ(
720 2541 894 2620 argumentis
906 2540 1018 2602 confir·

331 2635 500 2692 murentur,
521 2618 663 2699 parricidii
680 2635 775 2679 autern
791 2618 886 2679 solinn
904 2624 1018 2682 mentio

331 2697 406 2756 facta
426 2696 515 2758 effer:
532 2696 665 2758 defensor
683 2700 712 2756 in
731 2700 787 2758 hoc
807 2698 871 2782 ipso
892 2703 1018 2764 multum

331 2794 471 2857 oportet,
491 2780 523 2839 &
542 2778 589 2837 diu
607 2776 740 2837 consistat
756 2802 765 2852 3
779 2802 870 2862 quum
889 2782 929 2844 de
948 2803 1019 2844 nece

331 2863 455 2938 parentis
471 2860 539 2918 nihil
553 2857 778 2919 demonstratum
795 2863 849 2936 sit,
864 2863 1019 2947 indignum

330 2937 439 2998 facinus
463 2938 520 3001 esse
541 2940 577 2998 eti
598 2940 686 3019 poeni
705 2939 816 3001 afficere
840 2963 937 3020 eum,
963 2944 1020 3028 qui

186 3021 477 3217 qmidae
495 3018 676 3082 afficiuntur:
694 3021 725 3081 id
744 3037 865 3101 autem,
885 3027 911 3110 si
931 3027 1019 3088 dam·
