2400 4067
381 455 432 548 84
494 442 964 529 Rnnronrcoiiunl

377 593 425 645 qua
441 575 465 626 in
482 592 509 627 re
524 577 620 627 laudem
636 574 757 628 modestia
774 591 915 639 venentur,
937 577 965 628 in
981 592 1014 628 ec
1032 568 1068 644 ipl

378 667 407 702 re
424 651 472 701 sint
488 651 652 717 impudentes
671 648 739 715 Quid
759 650 824 701 enim
838 651 883 701 tibi
900 650 968 702 visi
989 650 1068 719 aliqui

377 724 495 792 inquiet.
512 738 588 775 artem
605 737 672 776 tuam
689 722 794 774 scribis·
812 725 889 793 gignis
905 725 984 776 nobis
1003 741 1068 775 nova

378 799 577 867 praeceptiones.
590 815 632 850 eas
642 797 693 865 ipse
709 795 851 849 confirmare
866 815 919 848 non
935 812 1035 865 poresr
1051 799 1068 849 d

378 873 431 924 aliis
444 875 554 938 exempla
572 873 668 923 sumis:
684 869 743 922 vide
756 887 787 922 ne
804 872 879 922 facias
892 864 1060 939 impudenter

378 947 421 1014 qui
439 958 485 996 tuo
500 945 591 996 nomini
607 945 669 996 velis
685 961 717 996 ex
734 946 835 996 aliorum
855 946 984 997 laboribus
1004 947 1068 997 l'dirr

379 1021 486 1072 laudem.
503 1019 598 1068 Nam
579 1037 599 1070 si
610 1036 696 1070 eorum
705 1019 829 1070 volummn
837 1019 1026 1084 prehenderunt
1041 1036 1068 1070 cu

379 1093 442 1161 tiqui
458 1105 588 1152 oratores,
608 1093 634 1144 δι
649 1095 751 1159 polita,
768 1093 794 1144 δι
805 1094 872 1142 suurn
886 1093 993 1160 quisque
1005 1094 1068 1145 deli

378 1169 428 1219 bris
443 1165 580 1225 sustulerit;
600 1166 659 1216 nihil
669 1165 737 1225 iliis,
755 1167 821 1232 quod
836 1167 904 1216 suum
917 1168 1024 1228 velint,
1041 1183 1068 1217 re

377 1242 512 1307 linquetur.
535 1239 571 1290 At
590 1241 722 1305 exempla,
745 1240 858 1305 quonium
879 1240 1068 1293 testimoniorum

379 1315 466 1366 similia
485 1313 562 1373 sunt,
582 1314 642 1364 item
663 1313 798 1371 convenit,
818 1326 846 1364 ut
864 1314 1030 1375 testimonia,
1050 1315 1068 1365 rl

378 1388 517 1440 bominibus
543 1387 718 1455 probatissimis
742 1386 810 1437 sumi.
836 1385 943 1438 Primitrn
969 1390 1068 1441 omniun

380 1463 493 1529 exempla
513 1473 638 1527 ponuntur
656 1459 696 1510 hic
716 1477 766 1512 non
786 1459 973 1521 confirmandi,
997 1480 1068 1531 nequi

380 1534 522 1589 testificandi
543 1535 636 1592 causi,
657 1534 698 1584 t'ed
719 1533 904 1585 demonstrandi.
926 1536 992 1586 Non
1011 1537 1068 1589 enin

379 1627 454 1679 quum
466 1609 566 1659 dicimus
577 1607 625 1659 elie
635 1607 835 1665 exornationem,
849 1625 921 1674 quae,
936 1610 1013 1661 verbi
1024 1627 1068 1661 cau

378 1684 425 1745 si,
447 1681 540 1734 constet
560 1700 592 1733 ex
610 1682 720 1733 similiter
738 1681 905 1731 desinentibus
922 1682 1033 1743 verbis,
1052 1684 1068 1737 d

378 1758 492 1827 ponimus
502 1759 552 1807 hoc
560 1757 699 1821 exemplum
711 1771 725 1803 a
737 1752 835 1812 Cmffo,
850 1753 932 1821 quibus
939 1755 1063 1824 poffum

380 1833 405 1884 ὁ
426 1830 551 1887 debemur,
577 1845 628 1879 non
647 1826 810 1878 testimonium
830 1828 1012 1891 collocamus,
1037 1831 1068 1882 ser

378 1905 527 1971 exemplum.
548 1902 630 1952 Hoc
623 1903 696 1970 igitur
714 1898 835 1951 interest
829 1912 894 1951 mter
911 1906 1060 1972 exemplum

378 1980 407 2032 δι
423 1976 607 2029 testimonium·
600 2012 608 2026 .
625 1975 739 2041 exemplo
756 1973 931 2025 demonstratur
945 1976 995 2037 id,
1011 1994 1068 2047 quot

378 2053 498 2112 dicimus,
510 2049 646 2117 cujusmodi
655 2049 707 2107 sit;
719 2047 872 2106 testimonio,
884 2047 932 2098 elie
944 2049 1014 2105 illud
1023 2053 1058 2105 itu
1065 2088 1068 2113 ,

376 2140 405 2179 ut
419 2143 465 2176 nos
479 2124 600 2181 dicimus,
617 2122 782 2173 confirmatur.

415 2199 441 2250 6.
457 2198 580 2249 Praeterea
597 2208 696 2263 oportet
712 2193 875 2246 testimonium
891 2211 949 2247 curn
964 2214 997 2253 m
1014 2216 1068 2253 ωη-

375 2274 461 2326 venire
476 2288 484 2325 ε
501 2271 572 2322 aliter
589 2271 653 2322 enim
669 2287 721 2322 rem
736 2287 786 2320 non
803 2268 883 2336 potest
898 2269 1068 2327 confirmo:

376 2362 403 2400 at
417 2349 461 2407 id,
482 2347 548 2415 quod
564 2346 599 2396 illi
619 2346 732 2404 faciunt,
754 2361 810 2395 cum
826 2360 853 2394 re
870 2360 922 2395 non
941 2349 1068 2401 convenit

376 2423 446 2488 Quid
462 2419 518 2472 ita?
536 2421 593 2488 quia
609 2421 757 2486 pollicentur
768 2429 845 2468 artem
856 2417 881 2468 se
897 2416 1032 2483 scribere,
1049 2420 1068 2475 fl

376 2498 489 2561 exempla
506 2495 636 2559 proferunt
654 2494 683 2542 ab
701 2492 730 2541 iis
748 2493 913 2558 plerumque,
934 2494 978 2560 qui
997 2508 1068 2561 meq

377 2570 523 2621 nescierunt.
538 2567 603 2615 Tum
615 2566 668 2630 quis
679 2563 733 2622 est,
750 2565 794 2631 qui
804 2565 882 2630 possit
892 2564 917 2614 id
929 2598 939 2621 ,
959 2568 1068 2634 quoddr

376 2655 431 2693 orte
449 2638 589 2705 scripserit,
611 2638 790 2705 comprobare,
811 2637 857 2687 nisi
873 2638 973 2704 aliquid·
985 2640 1068 2695 scribo

373 2729 409 2765 ex
425 2711 499 2764 arte?
521 2710 664 2778 Contrdque
679 2711 794 2769 faciunt,
812 2714 883 2777 qudm
900 2712 1023 2777 polliceri
1036 2716 1068 2769 ri

376 2789 486 2838 dentur:
500 2802 555 2835 narn
572 2801 645 2853 quum
662 2785 766 2835 scribere
782 2796 860 2834 artem
874 2783 1030 2849 instituunt.
1040 2791 1068 2843 vi

375 2864 468 2913 dentur
477 2859 559 2910 dicere
570 2859 594 2910 se
606 2857 769 2927 excogitalie,
781 2859 847 2925 quod
857 2858 922 2909 alios
929 2858 1062 2917 docerent

377 2953 451 3002 quum
466 2930 528 2984 verd
545 2933 670 2996 scribunt,
690 2931 819 2986 ostendunt
839 2931 935 2997 liubin
953 2932 1019 3057 quid
1033 2938 1068 2997 nli

376 3008 549 3083 ucopituiut.
