2400 4067
328 467 410 546 494
525 450 823 523 onnon.

329 569 504 641 modatum·,
521 568 662 644 alterum,
679 566 761 650 quod
774 567 867 628 iidem
885 565 1015 632 retuleris

329 653 499 723 nominant,
517 671 577 731 quo
586 651 788 730 perturbantur
801 649 893 708 animi
905 647 938 707 &
947 668 1015 706 con·

329 733 471 805 citantur,
490 733 520 789 in
535 752 594 811 quo
613 752 672 790 uno
689 751 721 790 re
742 747 793 790 nat
808 731 918 790 oratio.
945 725 1014 789 Illud

329 810 477 892 superius,
496 832 602 883 come,
623 809 710 890 jucun
732 832 803 885 um,
826 811 865 870 ad
882 810 1015 870 benevo-

329 890 452 952 lentiam
465 892 674 952 conciliandam
681 909 834 973 paratum;
847 891 920 964 hoc,
929 889 1014 951 vehe·

330 992 432 1047 mens,
441 971 605 1048 incensum,
616 976 781 1047 incitatum,
792 995 853 1054 quo
866 972 957 1032 causae
965 971 1014 1030 eri·

316 1055 464 1132 ‘piuntur3
482 1055 562 1134 quod
580 1076 669 1136 quum
685 1055 785 1136 rapide
803 1053 920 1129 fertur,
938 1050 1013 1113 sulli-

323 1137 394 1196 neri
411 1135 491 1194 nullo
504 1135 589 1216 pado
603 1133 707 1216 potest.

376 1232 442 1293 129.
465 1215 539 1294 Quo
552 1237 660 1298 genere
681 1237 736 1277 nos
756 1215 946 1289 mediocres,
970 1228 1015 1274 aut

330 1295 425 1359 multu
440 1299 528 1356 etiam
550 1300 665 1368 minus3
695 1295 746 1357 sed
767 1318 879 1378 magno
904 1296 1014 1376 semper
1035 1304 1036 1307 ’

331 1377 376 1434 usi
384 1379 513 1456 impetu,
531 1377 605 1459 saepe
615 1377 794 1439 adversarios
804 1379 843 1437 de
853 1375 927 1437 statu
938 1376 1014 1436 omni

332 1454 503 1536 dejecimus.
535 1458 630 1519 Nobis
649 1481 703 1536 pro
723 1459 854 1518 familiari
874 1480 927 1519 reo
941 1458 1015 1518 sum·

331 1556 396 1598 mus
413 1555 513 1598 orator
532 1561 593 1601 non
608 1539 755 1620 respondit
770 1539 960 1600 Hortensius.
987 1541 1012 1598 A

330 1618 418 1678 nobis
428 1619 520 1681 homo
531 1621 733 1680 audacissimus
744 1617 872 1682 Catilina
880 1624 911 1680 in
920 1620 1014 1681 senatu

329 1699 476 1760 accusatus
487 1702 642 1762 obmutuit.
662 1701 756 1767 Nobis
770 1703 886 1782 privata
894 1705 927 1760 irr
940 1699 1014 1762 causa

330 1783 483 1862 magna&
545 1784 595 1857 vi,
616 1803 704 1862 quum
718 1780 850 1862 coepisset
864 1780 959 1843 CurIo
970 1805 1014 1865 pa·

329 1875 376 1920 ter
388 1860 493 1942 respon
515 1884 585 1936 ere,
602 1861 695 1923 subitb
715 1861 838 1936 assedit,
861 1884 954 1944 quum
968 1863 1014 1924 sibi

330 1945 453 2004 venenis
463 1961 594 2024 ereptam
607 1947 780 2004 memoriam
794 1944 918 2005 diceret.

376 2040 441 2100 130.
451 2024 534 2103 Quid
543 2045 600 2108 ego
611 2026 648 2086 de
658 2024 889 2085 miserationibus
899 2026 1013 2108 loquar?

329 2104 433 2183 quibus
449 2105 486 2166 eb
499 2104 560 2165 sum
573 2105 637 2166 usus
653 2107 806 2187 pluribus,
828 2108 913 2188 quod
933 2111 1013 2169 etiam

331 2185 472 2266 sipiares
493 2188 680 2262 dicebamus,
704 2191 929 2268 perorationem
952 2189 1013 2249 mihi

329 2281 430 2327 tamen
444 2290 547 2329 omnes
559 2269 778 2351 relinquebant:
802 2272 832 2328 in
868 2292 910 2330 uo
925 2289 957 2330 ut
973 2271 1012 2328 vi-

329 2345 416 2408 derer
431 2351 594 2425 excellere,
615 2371 675 2409 non
689 2352 827 2432 Ingenio,
847 2291 900 2411 sed
917 2353 1014 2412 dolore

329 2427 506 2510 alequehar.
520 2432 598 2512 Quae
609 2431 867 2512 qualiacumquein
878 2455 930 2494 me
939 2432 1013 2502 sunt;

329 2529 380 2569 me
394 2513 471 2584 enirn
485 2512 575 2592 ipsum
586 2532 648 2572 non
661 2513 804 2593 poenitet,
819 2532 931 2594 quanta
945 2517 1012 2573 sint:

328 2588 380 2650 sed
402 2610 542 2730 apparent
561 2597 590 2652 in
613 2593 813 2653 orationibus:
840 2596 897 2653 etsi
923 2609 1015 2655 carent

328 2669 394 2732 libri
426 2674 509 2751 piritu
534 2674 614 2748 illo,
643 2691 764 2754 propter
789 2694 882 2756 quem
907 2673 1015 2754 majora

329 2751 433 2812 eadem
445 2753 509 2826 illa,
523 2776 613 2836 quum
622 2773 762 2837 aguntur,
776 2776 864 2838 quam
879 2779 972 2838 quum
982 2758 1016 2816 le·

330 2850 452 2915 guntur,
465 2835 558 2895 videri
571 2834 676 2897 solent.

371 2915 546 2975 XXXVIII.
565 2918 629 2978 Nec
640 2918 713 2977 verb
726 2917 913 2978 miseratione
927 2919 1016 2979 solum

328 3014 411 3059 mens
425 2997 555 3079 judicum
563 2998 907 3084 permovenda.est(qud
916 3005 1016 3065 nonita
