2400 4067
326 419 626 487 Rrrrroarcn
655 421 755 488 ΜΒ.
779 422 806 488 1.
861 440 937 510 207

252 533 365 594 nullam
388 531 443 592 esse
463 534 581 614 segem,
607 536 659 592 nisi
676 533 837 614 reipublicae
856 534 939 593 causa

252 614 306 673 scri
326 630 395 672 tam.
423 613 572 674 Summam
593 614 676 696 igitur
701 617 856 673 amentiam
883 612 940 674 esse

254 634 453 768 exisimabat,
467 693 547 774 quod
563 690 697 775 scripturn
715 693 784 754 esset
801 694 940 773 reipubli⁴

255 796 298 835 cae
313 773 406 834 salutis
423 775 526 848 causi,
541 773 572 834 id
587 794 648 835 non
665 795 702 836 ex
716 774 878 856 reipublicae
892 772 940 834 sa*

254 856 316 916 iure
332 857 519 936 interpretari.
537 854 630 935 Quod
646 856 676 914 si·
686 856 765 940 leges
783 862 885 916 omnes
904 853 942 914 ad

254 937 407 997 utilitatem
423 936 585 1017 reipublicae
599 935 698 997 referri
716 938 876 1009 convenit,
894 935 941 995 hie

255 1035 354 1078 autern
374 1012 455 1076 saluti
471 1017 633 1098 reipublice
654 1016 783 1099 profuit,
806 1015 941 1097 profesio

254 1121 317 1158 non
342 1096 436 1178 potest
454 1097 562 1158 eodem
584 1097 661 1157 satio
685 1099 717 1158 &
739 1098 941 1158 communibus

254 1179 377 1318 fortaqpit
387 1176 551 1238 consuluisse
562 1223 572 1252 ,
585 1178 735 1261 &iegibus
745 1199 806 1240 non
822 1178 939 1239 obtem·

276 1279 307 1319 er
345 1279 371 1319 e.

252 1276 273 1341 p
298 1338 440 1398 XXXIX.
459 1337 595 1418 Quatuor
614 1354 710 1398 autem
721 1337 847 1420 partibus
864 1358 939 1400 con*

254 1417 309 1479 stat
327 1441 356 1479 ar
394 1423 554 1494 mentatio,
572 1440 661 1500 quum
676 1435 723 1478 aut
730 1421 939 1501 proponimus,

256 1517 306 1560 aut
320 1522 335 1560 a
356 1503 479 1561 umimus
497 1504 557 1561 sine
573 1499 792 1581 approbatione.
810 1498 845 1559 Id
861 1499 941 1560 face·

254 1601 288 1641 re
306 1597 443 1663 oportet,
456 1602 545 1662 quum
558 1599 606 1640 aut
622 1583 783 1662 propositio
798 1600 835 1639 ex
851 1579 880 1641 se
895 1583 941 1640 in·

254 1662 390 1746 telligitur
408 1707 417 1736 ,
437 1678 484 1720 aut
502 1660 650 1743 assumptio
667 1659 814 1742 perspicua
827 1658 888 1734 est,
908 1661 940 1722 &

256 1744 361 1802 nuiiius
381 1762 417 1824 ap
438 1742 594 1802 robationis
613 1741 732 1824 indiget.
756 1741 940 1822 Propositio'-

252 1826 300 1882 nis
323 1764 532 1904 approsatione
557 1823 728 1904 praeterita,
755 1838 878 1903 quatuor
903 1842 940 1882 ex

252 1905 380 1984 partibus
405 1907 613 1986 argumentatio
641 1902 774 1962 trasianrr
800 1903 837 1963 ad
864 1903 940 1964 hunc

255 1985 379 2045 modum
398 2007 404 2041 :
420 1983 553 2056 Iudices,
570 1987 670 2064 quiex
682 1983 746 2066 lege
763 1981 846 2062 jurati
859 1981 940 2064 judi-

256 2068 346 2139 catis,
364 2065 474 2144 iegibus
496 2065 596 2122 obtem
618 2083 698 2122 erare
725 2063 843 2124 debetis.
868 2063 940 2124 Ob·-

250 2161 417 2224 ·temperare
431 2158 527 2201 autem
540 2085 650 2224 legistis
664 2164 725 2200 non
737 2142 873 2222 potestis,
888 2149 942 2205 nisi

256 2224 337 2304 quod
359 2222 491 2302 scriptum
515 2220 555 2281 est
583 2225 613 2280 in
639 2223 666 2281 le
687 2241 734 2293 e,
761 2220 941 2302 sequamini:

255 2304 337 2385 quod
360 2306 438 2364 enim
460 2305 561 2362 certius
580 2301 651 2384 legis
668 2243 790 2381 scriptor
809 2300 941 2363 testimo·

255 2388 336 2444 nium
361 2386 517 2444 voluntatis
544 2381 599 2442 suae
630 2381 789 2462 relinquere
821 2384 940 2463 potuit,

274 2466 341 2525 u⁸arn
360 2465 442 2547 quod
460 2462 521 2559 ipse
539 2484 644 2546 magna
663 2484 728 2521 curn
745 2483 836 2535 cura,
855 2480 942 2545 atque

254 2487 400 2606 sitientia
425 2543 533 2626 scripsit
555 2545 567 2604 ?
590 2544 684 2624 Quod
710 2547 734 2601 si
756 2543 855 2603 litterae
877 2567 940 2606 non

256 2566 397 2688 exisarent
407 2627 601 2709 ,magnopere
612 2647 659 2685 eas
673 2627 881 2705 requireremus
890 2674 900 2700 ,
909 2644 941 2686 ut

255 2728 291 2766 ex
313 2708 355 2765 his
378 2706 518 2788 scriptoris
541 2707 675 2765 voluntas
698 2705 940 2787 cognosceretur:

254 2805 310 2844 nec
331 2802 428 2845 tamen
453 2786 661 2867 Epaminondae
683 2790 940 2866 permitteremus,

255 2885 292 2924 ne
313 2868 335 2929 si
354 2880 438 2925 extra
454 2863 590 2943 judicium
614 2867 731 2947 quidem
754 2865 847 2938 esset,
867 2871 939 2926 uris

254 2946 338 3008 nohis
355 2944 522 3008 sententiam
537 2948 609 3030 legis
621 2951 870 3028 interpretaretur,
885 2967 942 3024 nq-
