<?xml version="1.0" encoding="UTF-8"?>
<!DOCTYPE html PUBLIC "-//W3C//DTD XHTML 1.0 Transitional//EN"
    "http://www.w3.org/TR/xhtml1/DTD/xhtml1-transitional.dtd">
<html xmlns="http://www.w3.org/1999/xhtml" xml:lang="en" lang="en">
 <head>
  <title>
</title>
<meta http-equiv="Content-Type" content="text/html;charset=utf-8" />
  <meta name='ocr-system' content='tesseract 3.04.00' />
  <meta name='ocr-capabilities' content='ocr_page ocr_carea ocr_par ocr_line ocrx_word'/>
</head>
<body>
  <div class='ocr_page' id='page_1' title='image "./mtulliiciceroni01lallgoog_0360.png"; bbox 0 0 2400 4067; ppageno 0'>
   <div class='ocr_carea' id='block_1_1' title="bbox 243 455 783 551">
    <p class='ocr_par' dir='ltr' id='par_1_1' title="bbox 243 455 783 551">
     <span class='ocr_line' id='line_1_1' title="bbox 243 455 783 551; baseline -0.002 -25"><span class='ocrx_word' id='word_1_1' title='bbox 243 455 329 551; x_wconf 72' lang='lat' dir='ltr'>3t8·</span> <span class='ocrx_word' id='word_1_2' title='bbox 401 456 783 540; x_wconf 58' lang='lat' dir='ltr'>Panrrrtoua‘s</span> 
     </span>
    </p>
   </div>
   <div class='ocr_carea' id='block_1_2' title="bbox 220 572 962 2894">
    <p class='ocr_par' dir='ltr' id='par_1_2' title="bbox 243 572 962 1281">
     <span class='ocr_line' id='line_1_2' title="bbox 245 572 926 655; baseline 0.004 -24"><span class='ocrx_word' id='word_1_3' title='bbox 245 593 334 655; x_wconf 89' lang='lat' dir='ltr'>quam</span> <span class='ocrx_word' id='word_1_4' title='bbox 346 573 436 633; x_wconf 87' lang='lat' dir='ltr'>habet</span> <span class='ocrx_word' id='word_1_5' title='bbox 450 577 601 655; x_wconf 88' lang='lat' dir='ltr'>proprium</span> <span class='ocrx_word' id='word_1_6' title='bbox 612 574 733 647; x_wconf 87' lang='lat' dir='ltr'>locum,</span> <span class='ocrx_word' id='word_1_7' title='bbox 753 572 830 654; x_wconf 84' lang='lat' dir='ltr'>saepe</span> <span class='ocrx_word' id='word_1_8' title='bbox 845 573 926 634; x_wconf 66' lang='lat' dir='ltr'>etiam</span> 
     </span>
     <span class='ocr_line' id='line_1_3' title="bbox 243 653 962 736; baseline 0 -22"><span class='ocrx_word' id='word_1_9' title='bbox 243 657 391 735; x_wconf 79' lang='lat' dir='ltr'>primum,</span> <span class='ocrx_word' id='word_1_10' title='bbox 408 653 588 736; x_wconf 89' lang='lat' dir='ltr'>postremum</span> <span class='ocrx_word' id='word_1_11' title='bbox 599 654 717 736; x_wconf 86' lang='lat' dir='ltr'>quidem</span> <span class='ocrx_word' id='word_1_12' title='bbox 728 654 791 724; x_wconf 77' lang='lat' dir='ltr'>fere</span> <span class='ocrx_word' id='word_1_13' title='bbox 806 653 926 734; x_wconf 79' lang='lat' dir='ltr'>semper,</span> <span class='ocrx_word' id='word_1_14' title='bbox 960 675 962 681; x_wconf 91' lang='lat'>·</span> 
     </span>
     <span class='ocr_line' id='line_1_4' title="bbox 244 733 926 817; baseline 0 -22"><span class='ocrx_word' id='word_1_15' title='bbox 244 752 348 804; x_wconf 80' lang='lat' dir='ltr'>tamen</span> <span class='ocrx_word' id='word_1_16' title='bbox 356 735 467 817; x_wconf 91' lang='lat' dir='ltr'>reliquo</span> <span class='ocrx_word' id='word_1_17' title='bbox 481 737 513 795; x_wconf 91' lang='lat' dir='ltr'>in</span> <span class='ocrx_word' id='word_1_18' title='bbox 524 733 605 797; x_wconf 88' lang='lat' dir='ltr'>cursu</span> <span class='ocrx_word' id='word_1_19' title='bbox 616 737 756 796; x_wconf 87' lang='lat' dir='ltr'>orationis</span> <span class='ocrx_word' id='word_1_20' title='bbox 767 734 926 795; x_wconf 84' lang='lat' dir='ltr'>adhibenda</span> 
     </span>
     <span class='ocr_line' id='line_1_5' title="bbox 248 813 927 899; baseline -0.003 -21"><span class='ocrx_word' id='word_1_21' title='bbox 248 814 309 890; x_wconf 89' lang='lat' dir='ltr'>est,</span> <span class='ocrx_word' id='word_1_22' title='bbox 326 815 509 899; x_wconf 68' lang='lat' dir='ltr'>maximeque</span> <span class='ocrx_word' id='word_1_23' title='bbox 523 837 615 898; x_wconf 87' lang='lat' dir='ltr'>quum</span> <span class='ocrx_word' id='word_1_24' title='bbox 635 816 671 876; x_wconf 87' lang='lat' dir='ltr'>ali</span> <span class='ocrx_word' id='word_1_25' title='bbox 694 816 744 875; x_wconf 92' lang='lat' dir='ltr'>uid</span> <span class='ocrx_word' id='word_1_26' title='bbox 762 833 815 876; x_wconf 81' lang='lat' dir='ltr'>aut</span> <span class='ocrx_word' id='word_1_27' title='bbox 826 813 927 890; x_wconf 72' lang='lat' dir='ltr'>confir·</span> 
     </span>
     <span class='ocr_line' id='line_1_6' title="bbox 247 838 926 979; baseline -0.003 -21"><span class='ocrx_word' id='word_1_28' title='bbox 247 914 359 958; x_wconf 84' lang='lat' dir='ltr'>matum</span> <span class='ocrx_word' id='word_1_29' title='bbox 379 895 440 971; x_wconf 91' lang='lat' dir='ltr'>est,</span> <span class='ocrx_word' id='word_1_30' title='bbox 461 914 509 960; x_wconf 88' lang='lat' dir='ltr'>aut</span> <span class='ocrx_word' id='word_1_31' title='bbox 525 838 742 979; x_wconf 56' lang='lat' dir='ltr'>reprehendun.</span> <span class='ocrx_word' id='word_1_32' title='bbox 774 895 878 979; x_wconf 88' lang='lat' dir='ltr'>Itaque</span> <span class='ocrx_word' id='word_1_33' title='bbox 894 897 926 956; x_wconf 84' lang='lat' dir='ltr'>ad</span> 
     </span>
     <span class='ocr_line' id='line_1_7' title="bbox 248 976 928 1059; baseline -0.004 -20"><span class='ocrx_word' id='word_1_34' title='bbox 248 976 341 1041; x_wconf 83' lang='lat' dir='ltr'>fidem</span> <span class='ocrx_word' id='word_1_35' title='bbox 365 999 484 1059; x_wconf 90' lang='lat' dir='ltr'>quoque</span> <span class='ocrx_word' id='word_1_36' title='bbox 507 979 556 1039; x_wconf 92' lang='lat' dir='ltr'>vel</span> <span class='ocrx_word' id='word_1_37' title='bbox 577 977 734 1059; x_wconf 74' lang='lat' dir='ltr'>plurimum</span> <span class='ocrx_word' id='word_1_38' title='bbox 754 978 848 1051; x_wconf 82' lang='lat' dir='ltr'>valet.</span> <span class='ocrx_word' id='word_1_39' title='bbox 884 976 928 1037; x_wconf 86' lang='lat' dir='ltr'>Ell</span> 
     </span>
     <span class='ocr_line' id='line_1_8' title="bbox 248 1057 928 1140; baseline -0.001 -20"><span class='ocrx_word' id='word_1_40' title='bbox 248 1061 327 1120; x_wconf 85' lang='lat' dir='ltr'>enim</span> <span class='ocrx_word' id='word_1_41' title='bbox 348 1057 536 1140; x_wconf 81' lang='lat' dir='ltr'>amplificatio</span> <span class='ocrx_word' id='word_1_42' title='bbox 549 1059 711 1121; x_wconf 87' lang='lat' dir='ltr'>vehemens</span> <span class='ocrx_word' id='word_1_43' title='bbox 731 1059 928 1138; x_wconf 75' lang='lat' dir='ltr'>quaedamar·</span> 
     </span>
     <span class='ocr_line' id='line_1_9' title="bbox 248 1139 926 1220; baseline 0.001 -21"><span class='ocrx_word' id='word_1_44' title='bbox 248 1143 446 1220; x_wconf 88' lang='lat' dir='ltr'>gumentatio,</span> <span class='ocrx_word' id='word_1_45' title='bbox 460 1158 492 1199; x_wconf 84' lang='lat' dir='ltr'>ut</span> <span class='ocrx_word' id='word_1_46' title='bbox 499 1141 548 1200; x_wconf 89' lang='lat' dir='ltr'>illa</span> <span class='ocrx_word' id='word_1_47' title='bbox 558 1139 686 1201; x_wconf 88' lang='lat' dir='ltr'>docendi</span> <span class='ocrx_word' id='word_1_48' title='bbox 696 1139 780 1201; x_wconf 67' lang='lat' dir='ltr'>causti</span> <span class='ocrx_word' id='word_1_49' title='bbox 788 1143 842 1200; x_wconf 85' lang='lat' dir='ltr'>sit:</span> <span class='ocrx_word' id='word_1_50' title='bbox 854 1140 926 1215; x_wconf 80' lang='lat' dir='ltr'>haec,</span> 
     </span>
     <span class='ocr_line' id='line_1_10' title="bbox 249 1220 471 1281; baseline 0.005 -1"><span class='ocrx_word' id='word_1_51' title='bbox 249 1220 471 1281; x_wconf 88' lang='lat' dir='ltr'>commovendi.</span> 
     </span>
    </p>

    <p class='ocr_par' dir='ltr' id='par_1_3' title="bbox 222 1297 929 2510">
     <span class='ocr_line' id='line_1_11' title="bbox 290 1297 927 1384; baseline 0.003 -24"><span class='ocrx_word' id='word_1_52' title='bbox 290 1299 339 1360; x_wconf 85' lang='lat'>28.</span> <span class='ocrx_word' id='word_1_53' title='bbox 355 1297 480 1362; x_wconf 79' lang='lat' dir='ltr'>F1L1us.</span> <span class='ocrx_word' id='word_1_54' title='bbox 492 1299 585 1383; x_wconf 82' lang='lat' dir='ltr'>Perge</span> <span class='ocrx_word' id='word_1_55' title='bbox 596 1301 682 1384; x_wconf 86' lang='lat' dir='ltr'>igitur</span> <span class='ocrx_word' id='word_1_56' title='bbox 692 1298 798 1361; x_wconf 84' lang='lat' dir='ltr'>ordine</span> <span class='ocrx_word' id='word_1_57' title='bbox 809 1317 927 1382; x_wconf 80' lang='lat' dir='ltr'>quatuor</span> 
     </span>
     <span class='ocr_line' id='line_1_12' title="bbox 247 1378 926 1463; baseline 0 -22"><span class='ocrx_word' id='word_1_58' title='bbox 247 1381 319 1441; x_wconf 85' lang='lat' dir='ltr'>mihi</span> <span class='ocrx_word' id='word_1_59' title='bbox 337 1378 402 1441; x_wconf 81' lang='lat' dir='ltr'>istas</span> <span class='ocrx_word' id='word_1_60' title='bbox 418 1396 516 1463; x_wconf 85' lang='lat' dir='ltr'>partes</span> <span class='ocrx_word' id='word_1_61' title='bbox 536 1382 691 1463; x_wconf 82' lang='lat' dir='ltr'>explicare.</span> <span class='ocrx_word' id='word_1_62' title='bbox 725 1380 849 1442; x_wconf 70' lang='lat' dir='ltr'><strong>PATER.</strong></span> <span class='ocrx_word' id='word_1_63' title='bbox 876 1381 926 1442; x_wconf 82' lang='lat' dir='ltr'>Fa-</span> 
     </span>
     <span class='ocr_line' id='line_1_13' title="bbox 246 1462 927 1546; baseline 0.004 -26"><span class='ocrx_word' id='word_1_64' title='bbox 246 1465 338 1535; x_wconf 84' lang='lat' dir='ltr'>ciam,</span> <span class='ocrx_word' id='word_1_65' title='bbox 357 1463 390 1521; x_wconf 91' lang='lat'>&amp;</span> <span class='ocrx_word' id='word_1_66' title='bbox 405 1485 422 1521; x_wconf 84' lang='lat' dir='ltr'>a</span> <span class='ocrx_word' id='word_1_67' title='bbox 438 1464 582 1544; x_wconf 86' lang='lat' dir='ltr'>principiis</span> <span class='ocrx_word' id='word_1_68' title='bbox 593 1465 719 1544; x_wconf 76' lang='lat' dir='ltr'>primum</span> <span class='ocrx_word' id='word_1_69' title='bbox 731 1462 853 1536; x_wconf 78' lang='lat' dir='ltr'>ordiar,</span> <span class='ocrx_word' id='word_1_70' title='bbox 869 1484 927 1546; x_wconf 82' lang='lat' dir='ltr'>qua</span> 
     </span>
     <span class='ocr_line' id='line_1_14' title="bbox 248 1543 927 1625; baseline 0.003 -23"><span class='ocrx_word' id='word_1_71' title='bbox 248 1543 367 1624; x_wconf 87' lang='lat' dir='ltr'>quidem</span> <span class='ocrx_word' id='word_1_72' title='bbox 379 1543 520 1604; x_wconf 86' lang='lat' dir='ltr'>ducuntur</span> <span class='ocrx_word' id='word_1_73' title='bbox 534 1560 582 1602; x_wconf 88' lang='lat' dir='ltr'>aut</span> <span class='ocrx_word' id='word_1_74' title='bbox 595 1565 635 1604; x_wconf 87' lang='lat' dir='ltr'>ex.</span> <span class='ocrx_word' id='word_1_75' title='bbox 651 1543 780 1625; x_wconf 86' lang='lat' dir='ltr'>personis</span> <span class='ocrx_word' id='word_1_76' title='bbox 791 1588 806 1616; x_wconf 72' lang='lat'>,</span> <span class='ocrx_word' id='word_1_77' title='bbox 827 1561 877 1603; x_wconf 89' lang='lat' dir='ltr'>aut</span> <span class='ocrx_word' id='word_1_78' title='bbox 895 1565 927 1604; x_wconf 86' lang='lat' dir='ltr'>ex</span> 
     </span>
     <span class='ocr_line' id='line_1_15' title="bbox 246 1624 927 1704; baseline 0.003 -21"><span class='ocrx_word' id='word_1_79' title='bbox 246 1625 332 1683; x_wconf 90' lang='lat' dir='ltr'>rebus</span> <span class='ocrx_word' id='word_1_80' title='bbox 343 1627 421 1704; x_wconf 86' lang='lat' dir='ltr'>ipsis.</span> <span class='ocrx_word' id='word_1_81' title='bbox 444 1624 602 1684; x_wconf 85' lang='lat' dir='ltr'>Sumuntur</span> <span class='ocrx_word' id='word_1_82' title='bbox 621 1641 720 1684; x_wconf 87' lang='lat' dir='ltr'>autern</span> <span class='ocrx_word' id='word_1_83' title='bbox 737 1627 829 1684; x_wconf 75' lang='lat' dir='ltr'>trium</span> <span class='ocrx_word' id='word_1_84' title='bbox 836 1645 927 1685; x_wconf 85' lang='lat' dir='ltr'>rerum</span> 
     </span>
     <span class='ocr_line' id='line_1_16' title="bbox 247 1705 927 1787; baseline 0.004 -24"><span class='ocrx_word' id='word_1_85' title='bbox 247 1705 358 1786; x_wconf 72' lang='lat' dir='ltr'>gratil;</span> <span class='ocrx_word' id='word_1_86' title='bbox 382 1721 413 1763; x_wconf 90' lang='lat' dir='ltr'>ut</span> <span class='ocrx_word' id='word_1_87' title='bbox 426 1707 541 1778; x_wconf 75' lang='lat' dir='ltr'>amice,</span> <span class='ocrx_word' id='word_1_88' title='bbox 556 1723 588 1764; x_wconf 92' lang='lat' dir='ltr'>ut</span> <span class='ocrx_word' id='word_1_89' title='bbox 601 1706 820 1787; x_wconf 83' lang='lat' dir='ltr'>intelligenter,</span> <span class='ocrx_word' id='word_1_90' title='bbox 839 1722 872 1766; x_wconf 88' lang='lat' dir='ltr'>ut</span> <span class='ocrx_word' id='word_1_91' title='bbox 887 1722 927 1766; x_wconf 89' lang='lat' dir='ltr'>at-</span> 
     </span>
     <span class='ocr_line' id='line_1_17' title="bbox 247 1784 926 1866; baseline 0.003 -22"><span class='ocrx_word' id='word_1_92' title='bbox 247 1785 330 1844; x_wconf 71' lang='lat' dir='ltr'>tente</span> <span class='ocrx_word' id='word_1_93' title='bbox 342 1786 499 1851; x_wconf 83' lang='lat' dir='ltr'>audiamur.</span> <span class='ocrx_word' id='word_1_94' title='bbox 524 1784 662 1864; x_wconf 88' lang='lat' dir='ltr'>Quorum</span> <span class='ocrx_word' id='word_1_95' title='bbox 672 1789 781 1866; x_wconf 89' lang='lat' dir='ltr'>primus</span> <span class='ocrx_word' id='word_1_96' title='bbox 793 1786 877 1848; x_wconf 89' lang='lat' dir='ltr'>locus</span> <span class='ocrx_word' id='word_1_97' title='bbox 891 1784 926 1848; x_wconf 82' lang='lat' dir='ltr'>el</span> 
     </span>
     <span class='ocr_line' id='line_1_18' title="bbox 248 1863 929 1946; baseline 0.006 -24"><span class='ocrx_word' id='word_1_98' title='bbox 248 1864 280 1922; x_wconf 89' lang='lat' dir='ltr'>in</span> <span class='ocrx_word' id='word_1_99' title='bbox 292 1864 420 1944; x_wconf 90' lang='lat' dir='ltr'>personis</span> <span class='ocrx_word' id='word_1_100' title='bbox 432 1863 554 1936; x_wconf 89' lang='lat' dir='ltr'>nostris,</span> <span class='ocrx_word' id='word_1_101' title='bbox 570 1864 816 1946; x_wconf 85' lang='lat' dir='ltr'>disceptatorum,</span> <span class='ocrx_word' id='word_1_102' title='bbox 830 1867 929 1928; x_wconf 87' lang='lat' dir='ltr'>adver·</span> 
     </span>
     <span class='ocr_line' id='line_1_19' title="bbox 246 1942 926 2026; baseline 0.006 -22"><span class='ocrx_word' id='word_1_103' title='bbox 246 1942 389 2004; x_wconf 85' lang='lat' dir='ltr'>sariorum</span> <span class='ocrx_word' id='word_1_104' title='bbox 405 1965 417 2005; x_wconf 74' lang='grc' dir='ltr'>ε,</span> <span class='ocrx_word' id='word_1_105' title='bbox 446 1946 587 2026; x_wconf 85' lang='lat' dir='ltr'>equibus</span> <span class='ocrx_word' id='word_1_106' title='bbox 612 1949 692 2006; x_wconf 87' lang='lat' dir='ltr'>initia</span> <span class='ocrx_word' id='word_1_107' title='bbox 715 1948 926 2010; x_wconf 79' lang='lat' dir='ltr'>benevolentia</span> 
     </span>
     <span class='ocr_line' id='line_1_20' title="bbox 246 2024 927 2106; baseline 0.007 -23"><span class='ocrx_word' id='word_1_108' title='bbox 246 2024 440 2090; x_wconf 28' lang='lat' dir='ltr'>‚conciliandas</span> <span class='ocrx_word' id='word_1_109' title='bbox 449 2044 671 2106; x_wconf 85' lang='lat' dir='ltr'>comparantur,</span> <span class='ocrx_word' id='word_1_110' title='bbox 687 2046 736 2087; x_wconf 88' lang='lat' dir='ltr'>aut</span> <span class='ocrx_word' id='word_1_111' title='bbox 750 2031 861 2089; x_wconf 78' lang='lat' dir='ltr'>meritis</span> <span class='ocrx_word' id='word_1_112' title='bbox 870 2027 927 2089; x_wconf 90' lang='lat' dir='ltr'>nos·</span> 
     </span>
     <span class='ocr_line' id='line_1_21' title="bbox 248 2106 927 2191; baseline 0.006 -27"><span class='ocrx_word' id='word_1_113' title='bbox 248 2107 319 2180; x_wconf 79' lang='lat' dir='ltr'>tris,</span> <span class='ocrx_word' id='word_1_114' title='bbox 338 2121 385 2166; x_wconf 88' lang='lat' dir='ltr'>aut</span> <span class='ocrx_word' id='word_1_115' title='bbox 400 2106 563 2188; x_wconf 70' lang='lat' dir='ltr'>dignitate,</span> <span class='ocrx_word' id='word_1_116' title='bbox 575 2125 627 2169; x_wconf 82' lang='lat' dir='ltr'>aut</span> <span class='ocrx_word' id='word_1_117' title='bbox 637 2108 739 2190; x_wconf 81' lang='lat' dir='ltr'>aliquo.</span> <span class='ocrx_word' id='word_1_118' title='bbox 749 2129 860 2191; x_wconf 86' lang='lat' dir='ltr'>genere</span> <span class='ocrx_word' id='word_1_119' title='bbox 875 2113 927 2170; x_wconf 88' lang='lat' dir='ltr'>vir-</span> 
     </span>
     <span class='ocr_line' id='line_1_22' title="bbox 247 2188 928 2272; baseline 0.007 -26"><span class='ocrx_word' id='word_1_120' title='bbox 247 2190 338 2262; x_wconf 89' lang='lat' dir='ltr'>tutis,</span> <span class='ocrx_word' id='word_1_121' title='bbox 358 2188 392 2247; x_wconf 91' lang='lat'>&amp;</span> <span class='ocrx_word' id='word_1_122' title='bbox 403 2188 527 2248; x_wconf 70' lang='lat' dir='ltr'>maxime</span> <span class='ocrx_word' id='word_1_123' title='bbox 540 2189 743 2264; x_wconf 86' lang='lat' dir='ltr'>liberalitatis,</span> <span class='ocrx_word' id='word_1_124' title='bbox 755 2189 860 2265; x_wconf 87' lang='lat' dir='ltr'>officii,</span> <span class='ocrx_word' id='word_1_125' title='bbox 876 2189 928 2272; x_wconf 66' lang='lat' dir='ltr'>jul,-</span> 
     </span>
     <span class='ocr_line' id='line_1_23' title="bbox 244 2266 926 2342; baseline 0.007 -15"><span class='ocrx_word' id='word_1_126' title='bbox 244 2269 337 2342; x_wconf 86' lang='lat' dir='ltr'>titiae,</span> <span class='ocrx_word' id='word_1_127' title='bbox 358 2266 447 2329; x_wconf 87' lang='lat' dir='ltr'>fidei:</span> <span class='ocrx_word' id='word_1_128' title='bbox 470 2271 620 2329; x_wconf 86' lang='lat' dir='ltr'>contrariis</span> <span class='ocrx_word' id='word_1_129' title='bbox 639 2272 724 2330; x_wconf 87' lang='lat' dir='ltr'>rebus</span> <span class='ocrx_word' id='word_1_130' title='bbox 743 2272 777 2333; x_wconf 83' lang='lat' dir='ltr'>in</span> <span class='ocrx_word' id='word_1_131' title='bbox 793 2271 926 2333; x_wconf 80' lang='lat' dir='ltr'>adversa-</span> 
     </span>
     <span class='ocr_line' id='line_1_24' title="bbox 245 2349 926 2434; baseline 0.01 -26"><span class='ocrx_word' id='word_1_132' title='bbox 245 2350 305 2410; x_wconf 83' lang='lat' dir='ltr'>rios</span> <span class='ocrx_word' id='word_1_133' title='bbox 329 2349 529 2424; x_wconf 87' lang='lat' dir='ltr'>conferendis,</span> <span class='ocrx_word' id='word_1_134' title='bbox 548 2352 581 2412; x_wconf 72' lang='grc' dir='ltr'>ὃ(</span> <span class='ocrx_word' id='word_1_135' title='bbox 599 2372 665 2410; x_wconf 89' lang='lat' dir='ltr'>cum</span> <span class='ocrx_word' id='word_1_136' title='bbox 676 2354 731 2425; x_wconf 86' lang='lat' dir='ltr'>iis,</span> <span class='ocrx_word' id='word_1_137' title='bbox 748 2355 798 2432; x_wconf 90' lang='lat' dir='ltr'>qui</span> <span class='ocrx_word' id='word_1_138' title='bbox 816 2351 926 2434; x_wconf 79' lang='lat' dir='ltr'>discep-</span> 
     </span>
     <span class='ocr_line' id='line_1_25' title="bbox 222 2430 924 2510; baseline 0.007 -22"><span class='ocrx_word' id='word_1_139' title='bbox 222 2502 224 2506; x_wconf 82' lang='lat'>.</span> <span class='ocrx_word' id='word_1_140' title='bbox 244 2445 309 2490; x_wconf 81' lang='lat' dir='ltr'>tant</span> <span class='ocrx_word' id='word_1_141' title='bbox 322 2475 340 2504; x_wconf 93' lang='lat'>,.</span> <span class='ocrx_word' id='word_1_142' title='bbox 355 2431 392 2489; x_wconf 89' lang='lat' dir='ltr'>ali</span> <span class='ocrx_word' id='word_1_143' title='bbox 413 2431 449 2490; x_wconf 68' lang='lat' dir='ltr'>ud</span> <span class='ocrx_word' id='word_1_144' title='bbox 468 2430 678 2510; x_wconf 64' lang='lat' dir='ltr'>conjundlionis</span> <span class='ocrx_word' id='word_1_145' title='bbox 697 2449 746 2492; x_wconf 89' lang='lat' dir='ltr'>aut</span> <span class='ocrx_word' id='word_1_146' title='bbox 764 2432 866 2508; x_wconf 65' lang='lat' dir='ltr'>causta,</span> <span class='ocrx_word' id='word_1_147' title='bbox 880 2451 924 2493; x_wconf 92' lang='lat' dir='ltr'>aut</span> 
     </span>
    </p>

    <p class='ocr_par' dir='ltr' id='par_1_4' title="bbox 245 2453 926 2594">
     <span class='ocr_line' id='line_1_26' title="bbox 245 2453 926 2594; baseline 0.009 -26"><span class='ocrx_word' id='word_1_148' title='bbox 245 2507 297 2588; x_wconf 82' lang='lat' dir='ltr'>spe</span> <span class='ocrx_word' id='word_1_149' title='bbox 318 2453 526 2591; x_wconf 64' lang='lat' dir='ltr'>signidcanda:</span> <span class='ocrx_word' id='word_1_150' title='bbox 557 2513 614 2584; x_wconf 89' lang='lat'>&amp;,</span> <span class='ocrx_word' id='word_1_151' title='bbox 640 2516 664 2571; x_wconf 91' lang='lat' dir='ltr'>si</span> <span class='ocrx_word' id='word_1_152' title='bbox 684 2514 713 2569; x_wconf 88' lang='lat' dir='ltr'>in</span> <span class='ocrx_word' id='word_1_153' title='bbox 734 2532 789 2572; x_wconf 93' lang='lat' dir='ltr'>nos</span> <span class='ocrx_word' id='word_1_154' title='bbox 812 2513 926 2594; x_wconf 83' lang='lat' dir='ltr'>aliquod</span> 
     </span>
    </p>

    <p class='ocr_par' dir='ltr' id='par_1_5' title="bbox 220 2589 928 2894">
     <span class='ocr_line' id='line_1_27' title="bbox 220 2589 925 2668; baseline 0.013 -20"><span class='ocrx_word' id='word_1_155' title='bbox 220 2654 223 2661; x_wconf 24' lang='lat'><strong>¹</strong></span> <span class='ocrx_word' id='word_1_156' title='bbox 247 2589 365 2663; x_wconf 81' lang='lat' dir='ltr'>odium,</span> <span class='ocrx_word' id='word_1_157' title='bbox 379 2589 541 2657; x_wconf 83' lang='lat' dir='ltr'>offensiove</span> <span class='ocrx_word' id='word_1_158' title='bbox 550 2592 654 2651; x_wconf 87' lang='lat' dir='ltr'>collata</span> <span class='ocrx_word' id='word_1_159' title='bbox 665 2594 717 2666; x_wconf 85' lang='lat' dir='ltr'>sit,</span> <span class='ocrx_word' id='word_1_160' title='bbox 731 2593 866 2653; x_wconf 68' lang='lat' dir='ltr'>tollendi</span> <span class='ocrx_word' id='word_1_161' title='bbox 877 2596 925 2668; x_wconf 74' lang='lat' dir='ltr'>ed,</span> 
     </span>
     <span class='ocr_line' id='line_1_28' title="bbox 246 2670 928 2747; baseline 0.012 -20"><span class='ocrx_word' id='word_1_162' title='bbox 246 2670 469 2745; x_wconf 68' lang='lat' dir='ltr'>minuendive,</span> <span class='ocrx_word' id='word_1_163' title='bbox 500 2687 548 2735; x_wconf 88' lang='lat' dir='ltr'>aut</span> <span class='ocrx_word' id='word_1_164' title='bbox 573 2672 740 2747; x_wconf 86' lang='lat' dir='ltr'>diluendo,</span> <span class='ocrx_word' id='word_1_165' title='bbox 772 2691 822 2734; x_wconf 91' lang='lat' dir='ltr'>aut</span> <span class='ocrx_word' id='word_1_166' title='bbox 845 2693 928 2735; x_wconf 84' lang='lat' dir='ltr'>exte-</span> 
     </span>
     <span class='ocr_line' id='line_1_29' title="bbox 245 2749 928 2890; baseline 0.012 -82"><span class='ocrx_word' id='word_1_167' title='bbox 245 2749 388 2890; x_wconf 59' lang='grc' dir='ltr'>ῃιιαὲἂο,</span> <span class='ocrx_word' id='word_1_168' title='bbox 412 2768 461 2811; x_wconf 88' lang='lat' dir='ltr'>aut</span> <span class='ocrx_word' id='word_1_169' title='bbox 483 2752 720 2832; x_wconf 86' lang='lat' dir='ltr'>compensando,</span> <span class='ocrx_word' id='word_1_170' title='bbox 749 2771 798 2815; x_wconf 89' lang='lat' dir='ltr'>aut</span> <span class='ocrx_word' id='word_1_171' title='bbox 822 2755 928 2839; x_wconf 85' lang='lat' dir='ltr'>depre-</span> 
     </span>
     <span class='ocr_line' id='line_1_30' title="bbox 247 2851 355 2894; baseline -0.019 0"><span class='ocrx_word' id='word_1_172' title='bbox 247 2851 302 2894; x_wconf 80' lang='lat' dir='ltr'>can</span> <span class='ocrx_word' id='word_1_173' title='bbox 325 2853 355 2892; x_wconf 89' lang='grc' dir='ltr'>ο.</span> 
     </span>
    </p>
   </div>
   <div class='ocr_carea' id='block_1_3' title="bbox 246 2910 932 3083">
    <p class='ocr_par' dir='ltr' id='par_1_6' title="bbox 246 2910 932 3083">
     <span class='ocr_line' id='line_1_31' title="bbox 288 2910 929 2996; baseline 0.009 -25"><span class='ocrx_word' id='word_1_174' title='bbox 288 2931 336 2992; x_wconf 88' lang='lat'>29.</span> <span class='ocrx_word' id='word_1_175' title='bbox 362 2910 562 2996; x_wconf 87' lang='lat' dir='ltr'>Intelligenter</span> <span class='ocrx_word' id='word_1_176' title='bbox 584 2931 683 2975; x_wconf 85' lang='lat' dir='ltr'>autem</span> <span class='ocrx_word' id='word_1_177' title='bbox 703 2931 735 2974; x_wconf 91' lang='lat' dir='ltr'>ut</span> <span class='ocrx_word' id='word_1_178' title='bbox 758 2916 929 2990; x_wconf 83' lang='lat' dir='ltr'>audiamur,</span> 
     </span>
     <span class='ocr_line' id='line_1_32' title="bbox 246 2992 932 3083; baseline 0.007 -27"><span class='ocrx_word' id='word_1_179' title='bbox 246 2992 280 3060; x_wconf 72' lang='grc' dir='ltr'>δι</span> <span class='ocrx_word' id='word_1_180' title='bbox 299 2997 428 3073; x_wconf 74' lang='lat' dir='ltr'>attente,</span> <span class='ocrx_word' id='word_1_181' title='bbox 455 3019 476 3062; x_wconf 79' lang='lat' dir='ltr'>a¹</span> <span class='ocrx_word' id='word_1_182' title='bbox 491 2997 576 3064; x_wconf 85' lang='lat' dir='ltr'>rebus</span> <span class='ocrx_word' id='word_1_183' title='bbox 594 2998 664 3083; x_wconf 79' lang='lat' dir='ltr'>ipsis</span> <span class='ocrx_word' id='word_1_184' title='bbox 682 2996 857 3058; x_wconf 84' lang='lat' dir='ltr'>ordiendum</span> <span class='ocrx_word' id='word_1_185' title='bbox 878 2997 932 3061; x_wconf 65' lang='lat' dir='ltr'>est.</span> 
     </span>
    </p>
   </div>
   <div class='ocr_carea' id='block_1_4' title="bbox 0 0 1208 4067">
    <p class='ocr_par' dir='ltr' id='par_1_7' title="bbox 0 0 1208 4067">
     <span class='ocr_line' id='line_1_33' title="bbox 0 0 1208 4067; baseline 0 0"><span class='ocrx_word' id='word_1_186' title='bbox 0 0 1208 4067; x_wconf 95' lang='lat' dir='ltr'> </span> 
     </span>
    </p>
   </div>
  </div>
 </body>
</html>
