2400 4067
259 472 336 547 106
384 475 888 550 ltrrrrorrcorvra-

255 595 326 647 modi
336 594 415 646 virere
426 628 436 651 ‚
451 591 496 663 sed
508 591 684 663 etiamsepeliri
691 595 878 664 prohibuerunt.
894 601 954 656 lter

254 672 303 722 tria
314 686 404 738 genera
419 669 527 735 proxima
537 669 739 728 normanorum,
758 688 870 737 quorum
881 693 953 728 unum

255 745 282 797 in
300 745 409 795 similiter
425 742 583 799 cadentibus,
605 743 707 794 alterurn
727 745 753 794 in
772 746 893 800 similiter
913 751 953 802 tle·

258 817 395 871 sinentibus
417 817 517 875 verbis,
538 816 637 867 tertium
662 816 688 867 in
710 820 955 877 annominationibur

257 885 429 962 peritomen,
444 887 544 957 perraro
558 890 671 941 sumenda
683 890 738 942 sunt
751 924 759 950 ,
777 910 860 960 quum
874 896 903 948 in
913 914 954 950 vr.

256 967 330 1017 ritate
345 965 473 1015 dicemus:
488 977 618 1030 propterea
637 961 771 1032 qubd'non
791 968 850 1021 haec
871 971 953 1023 vitlen-

256 1051 298 1090 tur
316 1039 418 1106 reperiri
439 1038 505 1106 polle
524 1039 578 1090 sine
596 1038 764 1092 elaboratione
789 1042 819 1094 δι
842 1045 952 1097 consun-

256 1114 344 1182 ptione
360 1129 451 1179 opetae.

295 1185 394 1237 XXlll.
417 1185 539 1254 Ejusmodi
558 1199 640 1237 autem
658 1185 733 1237 studia
750 1187 783 1238 ad
804 1189 953 1246 delenitis·

256 1275 334 1317 nem,
357 1262 427 1326 quim
444 1260 475 1309 ad
493 1259 623 1312 veritatem
640 1261 757 1313 videntur
774 1268 952 1319 accommodi·

256 1333 330 1384 tiora.
357 1332 441 1398 Quare
463 1332 547 1394 fides,
575 1335 602 1386 δι
625 1334 753 1403 gravitas,
782 1337 811 1389 Gt
837 1339 951 1395 severitas

256 1406 365 1458 oratoria
389 1407 503 1459 minuitur
523 1408 562 1458 his
582 1409 784 1461 exornationibus
807 1412 951 1482 frequentet

256 1481 388 1532 collocatis
407 1497 415 1532 t
433 1482 459 1533 δι
481 1497 532 1532 non
549 1480 623 1533 modb
642 1483 737 1532 tollitur
756 1484 899 1541 autioritrs
919 1489 950 1540 ὥ-

255 1555 350 1614 cendi,
372 1555 413 1605 secl
432 1550 570 1606 offenditur¹
583 1571 681 1623 quoque
702 1556 727 1606 in
749 1557 882 1624 ejufinodi
901 1580 950 1615 ott·

254 1628 325 1680 tione
339 1629 455 1689 auditor;
473 1641 604 1695 propterea
618 1627 684 1696 quid
698 1628 732 1680 est
743 1631 772 1681 in
786 1633 828 1684 his
839 1636 947 1705 lepos&

254 1701 372 1753 festivitas
383 1736 390 1761 ,
402 1719 452 1752 non
462 1702 563 1770 dignitas
573 1737 582 1758 ,
593 1719 673 1768 neque
682 1704 858 1769 pulchritudo.
872 1709 950 1775 Quart

253 1793 311 1843 quae
326 1776 379 1826 sunt
390 1778 470 1842 amplr'
484 1776 509 1825 ὅ(
525 1777 642 1841 pulchra,
661 1777 701 1826 diu
716 1780 821 1842 placere
836 1784 948 1851 poliunt:

254 1866 311 1915 quae
330 1848 408 1914 lepida
427 1849 454 1898 δι
475 1848 613 1906 concinna,
635 1847 685 1899 citi>
704 1849 822 1904 satietate
846 1856 948 1910 afficiunt

255 1922 349 1972 aurium
367 1920 459 1971 sensum
479 1920 699 1971 fastidiosissimum.
723 1924 786 1989 Quo
805 1931 889 1981 modo
907 1932 950 2000 igi·

254 2007 314 2054 tur,
334 1995 355 2045 si
369 1991 455 2046 crebro
472 1993 509 2043 bis
526 1993 655 2062 generibus
670 2007 768 2048 utemur
782 2033 789 2059 ‚
808 2004 904 2068 puerili
916 2007 949 2055 vl-

254 2068 365 2120 debimur
379 2068 521 2119 elocutione
538 2067 674 2128 deletiari5
693 2070 726 2120 ita
742 2071 764 2122 si
779 2072 840 2127 raro
856 2078 902 2129 bes
918 2080 950 2129 in·

254 2143 401 2193 terseremus
417 2141 590 2192 exornationes
604 2174 612 2200 ,
633 2142 659 2192 δι
676 2141 700 2192 in
718 2145 792 2196 causa
811 2160 873 2202 tota
889 2149 950 2204 varii

253 2215 440 2284 dispergemus,
460 2213 587 2266 commode
602 2215 732 2270 luminibus
748 2218 872 2277 distinffis
885 2225 949 2280 illm·

253 2289 369 2340 trahimus
383 2287 529 2339 orationem.

246 2373 248 2378 '
293 2376 337 2428 33.
355 2362 479 2429 Sunjettto
495 2361 549 2422 etl,
567 2380 640 2430 quum
656 2363 843 2436 interrogamus
860 2374 946 2427 adver.

252 2435 327 2488 farios
339 2470 347 2496 ,
366 2451 408 2488 aut
418 2437 545 2504 quaerimus
556 2436 620 2503 ipsi,
636 2439 692 2503 quid
709 2442 738 2489 ab
749 2443 799 2494 illis
810 2477 818 2504 ,
836 2461 884 2499 aut
894 2448 948 2515 quii

253 2524 339 2560 contra
350 2527 396 2561 nos
407 2510 455 2559 diti
464 2510 542 2575 possit
553 2526 560 2559 t
574 2511 661 2561 deinde
673 2512 812 2577 subjicimus
823 2519 850 2569 id
861 2554 871 2577 ,
885 2519 945 2588 quoi

251 2583 302 2632 dici
322 2595 442 2649 oportet,
460 2594 502 2632 aut
519 2583 584 2648 quod
602 2601 650 2634 non
669 2600 792 2651 oportet,
813 2605 861 2643 rut
879 2594 946 2644 nobis

251 2654 395 2720 rdjumento
406 2655 514 2706 futurum
525 2657 555 2706 sit
568 2691 578 2714 ‚
594 2669 637 2708 aut
648 2659 779 2710 offuturum
793 2663 842 2716 illis
859 2683 875 2716 e
889 2684 946 2717 con·

251 2729 345 2787 trotio,
364 2731 412 2780 hoc
427 2730 500 2779 modo
516 2746 523 2780 t
542 2729 628 2802 Quaero
646 2732 737 2800 igitur,
755 2739 822 2787 unde
838 2740 884 2802 iste
900 2756 943 2791 tm

249 2799 390 2870 pecuniosum
409 2803 441 2853 sir
454 2801 542 2869 fruitus.
555 2805 666 2872 Ampium
681 2808 857 2874 patrimonium
874 2815 943 2865 relic·

250 2890 299 2927 tum
313 2876 368 2940 esi?
384 2892 411 2926 ar
422 2877 500 2945 putris
515 2875 577 2928 bona
593 2878 725 2932 venierunt.
745 2881 882 2938 Hereditas
897 2889 941 2939 atl-

250 2968 296 3017 ’να
315 2950 438 3002 obvenit?
459 2969 508 3001 non
524 2951 602 3018 potest
620 2952 688 3009 dici,
705 2951 751 3020 sed
767 2959 843 3010 etium
862 2981 880 3011 a
900 2980 942 3012 ne·

248 3024 352 3093 eeffarr‘is
362 3025 467 3078 omnbus
481 3026 633 3077 abactam
644 3026 686 3089 eli.
699 3027 829 3084 Pmniun
840 3035 941 3104 aliquot
