2400 4067
234 484 318 580 5ss
432 457 749 545 Okdrdm

239 593 330 654 etiam
361 591 385 651 si
415 591 487 651 nihil
513 588 554 652 est
582 587 689 650 saelum
721 589 760 650 de
790 585 931 650 industria.

288 672 355 752 165.
366 670 399 732 ln
413 669 497 731 hu'us
507 672 710 732 concinnitatis·
718 669 929 731 contemtione

240 750 389 835 Gorgiam
402 694 483 814 inille
495 753 656 834 principem
666 754 855 832 accepimus,
875 772 927 833 qno

243 833 283 894 de
303 853 410 916 genere
428 833 478 893 illa
500 831 596 893 nostra
615 831 677 892 sunt
696 835 726 891 in
750 831 928 892 Miloniana:

242 914 296 997 :Est
307 919 376 975 enim
387 950 397 987 9
404 912 534 993 judices,
548 916 605 973 hac
616 913 785 994 nonj'cripta
793 957 803 988 ‚
809 913 929 993 sednata

243 995 314 1060 lex:
334 1017 414 1075 quam
426 1017 481 1056 non
491 996 655 1065 didicimus,
671 995 832 1075 accepimus
839 1037 852 1064 ,
869 995 929 1074 legi·

244 1095 330 1148 κως
342 1077 434 1137 verim
443 1097 478 1134 ex
488 1095 589 1136 natura
602 1076 664 1156 ipsa
672 1077 860 1155 arripuimus,
869 1077 932 1133 hau·

245 1159 333 1216 simus
340 1200 351 1228 ,
365 1159 565 1238 expressimus:
581 1159 711 1235 adquam
723 1177 778 1214 non
790 1157 861 1214 dotti
870 1199 879 1227 ,
887 1155 933 1231 sed

240 1233 335 1317 fill&
349 1259 403 1296 non
418 1241 549 1318 instituti,
562 1237 616 1316 sed
629 1237 725 1294 imbuti
732 1234 843 1314 fiamus.
862 1235 931 1295 Haec

247 1319 327 1387 enim
337 1317 404 1376 talia
416 1316 497 1391 sunt,
513 1334 561 1389 ut,
577 1318 643 1397 quia
654 1315 819 1376 referuntur
833 1315 871 1374 ad
884 1335 933 1388 ea,

247 1397 287 1458 ad
308 1417 371 1478 quae
391 1397 500 1458 debent
516 1397 636 1472 referri,
654 1395 853 1478 intelligamus
876 1415 933 1456 non

245 1481 401 1562 quaesiturn
414 1477 470 1540 ell'e
481 1498 651 1550 numerum,
662 1475 712 1537 sed
721 1474 860 1537 secutum.

247 1587 253 1598 ·
295 1559 361 1621 166.
384 1558 478 1640 Quod
500 1557 533 1618 lit
553 1562 625 1619 itern
644 1560 675 1619 in
693 1558 844 1618 contrariis
858 1554 933 1619 refe·

148 1655 150 1660 '
248 1639 368 1702 tendis:
388 1657 420 1701 ut
431 1639 568 1713 illalum,
605 1639 687 1698 uibus
698 1659 762 1700 non
776 1636 870 1698 morlo
884 1657 935 1696 nu·

249 1719 366 1816 metesa
394 1724 518 1798 oratio,
550 1660 604 1782 sei
629 1721 719 1781 etiam
745 1715 848 1781 versus
874 1714 936 1780 effi·

250 1817 343 1862 etntt:
764 1843 767 1846 ⁴

253 1903 257 1911 ‚
287 1925 361 1982 Emi,
374 1943 445 1996 quam
461 1926 520 1976 nihil
531 1926 644 1986 accusas,
662 1926 770 1977 damnas.

252 2046 442 2188 condemnas,
464 2045 593 2123 diceret,
614 2048 661 2130 qui
676 2043 793 2109 versum
813 2041 939 2131 effugere

252 2147 291 2190 ΥΕ
315 2144 354 2189 et·

252 2250 397 2320 Benequam
405 2251 565 2307 meritamell'e
572 2263 690 2312 autumas,
703 2250 835 2304 dicismale
843 2249 937 2304 mereri.

254 2344 283 2409 ld
290 2347 357 2414 quod
369 2347 427 2405 scis,
438 2348 534 2414 prodest
543 2349 616 2399 nihil:
630 2348 670 2406 id,
682 2347 748 2414 quod
760 2348 858 2405 nescis,
870 2343 940 2397 obet.

253 2455 380 2519 Versum
400 2457 488 2519 efficit
510 2457 569 2539 ipsa
593 2457 695 2518 relatio
720 2459 942 2519 contrariorum.

253 2536 290 2598 Id
317 2536 387 2598 effet
406 2541 436 2598 in
458 2543 591 2600 oratione
617 2537 830 2610 numerosum,
865 2536 944 2618 Quod

249 2620 331 2699 scis,
350 2621 423 2679 nihil
439 2623 570 2703 prodqi:
599 2620 673 2700 quod
694 2617 784 2697 nescis
794 2663 805 2690 ,
834 2617 945 2677 multitu

255 2701 332 2778 obest.

260 2802 264 2809 ·
295 2780 331 2840 L.
351 2777 475 2860 Semper
487 2780 565 2854 haec,
583 2801 647 2861 quae
658 2777 757 2840 Gtaeci
769 2777 884 2841 ivlioila
898 2801 948 2839 no-

255 2862 367 2922 minant
381 2907 390 2935 ‚
410 2883 498 2941 quum
510 2863 657 2921 contrariis
670 2875 869 2940 opponuntur
878 2883 950 2920 eon·

255 2945 358 3008 traria.
372 2963 522 3003 numerum
535 2945 693 3002 oratorium
703 2942 886 3003 necessitate
898 2940 952 3023 ipsi

257 3021 405 3102 efficiunt,
425 3025 458 3090 &
475 3045 542 3088 eunt
560 3026 621 3087 sine
636 3019 789 3095 industria..
807 3022 885 3088 Hoc
904 3043 955 3112 ge·
