2400 4067
342 505 415 578 312
469 484 545 551 Da
573 484 906 550 Jurrnrronr

338 598 421 671 lent,
438 598 551 658 necesse
570 596 639 658 effet
659 615 668 667 ;
690 594 751 653 haec
773 612 896 669 autem,
916 597 1028 661 etiarnsi

339 680 453 741 necesse
469 701 530 739 non
544 679 632 751 effet,
650 692 681 734 ut
697 675 809 736 vellent
825 676 933 737 contra
948 676 1026 759 judi-

340 782 416 822 care.
885 772 896 788 '
1029 829 1034 836 ¹

383 860 450 919 137.
470 839 504 901 Id
521 856 618 900 autem
635 836 706 908 fiet,
719 838 760 911 si,
778 837 882 919 quibus
901 860 939 900 ex
956 842 1025 902 locis

338 924 424 1004 culpa
441 919 682 981 demonstrabitur
698 940 758 977 non
777 921 833 979 ede
853 921 883 979 in
898 942 963 997 eo,
980 926 1025 1004 qui

338 1005 585 1084 comparatione,
607 1017 656 1060 aut
672 1002 859 1075 remotione,
880 1020 932 1061 aut
951 1004 1024 1064 rela-

338 1087 420 1143 tione
440 1085 586 1156 criminis‚
609 1099 658 1141 aut
678 1084 877 1141 concessionis
896 1084 1023 1164 partibus

318 1212 321 1215 .
335 1164 367 1224 'se
383 1162 513 1223 defendit
530 1162 588 1244 (de
602 1163 703 1243 quibus
715 1162 781 1221 ante
788 1207 800 1233 ,
812 1179 843 1221 ut
853 1167 1021 1243 potuimus,

337 1246 490 1326 diligenter
504 1241 741 1381 perscripsimus?
762 1242 798 1302 de
814 1243 859 1302 his
874 1243 947 1304 locis
958 1262 1020 1327 quae

335 1347 383 1387 tes
406 1324 561 1407 postulabit
573 1371 586 1399 .,
609 1323 646 1384 ad
664 1346 714 1383 cau
727 1344 774 1382 am
793 1324 1020 1396 adversariorum

333 1407 560 1490 improbandam
578 1402 806 1466 transferemus:
826 1423 874 1464 aut
892 1408 916 1465 si
935 1405 1019 1466 causa

338 1489 372 1550 ἃ
385 1492 511 1550 rationes
520 1486 676 1548 afferentur
687 1533 696 1562 ‚
706 1506 813 1569 quare,
831 1487 864 1545 δι
950 1501 1020 1548 con·

336 1571 401 1629 silio
426 1573 466 1630 ita
491 1572 526 1629 sit
551 1573 580 1629 in
608 1570 698 1651 lege,
719 1585 766 1627 aut
789 1569 876 1642 inte
903 1585 1017 1629 amento

335 1650 468 1733 scripturn
480 1697 488 1725 ,
502 1669 534 1710 ut
549 1650 689 1711 sententia
703 1667 820 1728 quoque
837 1647 870 1707 &
884 1649 1019 1711 volunta·

335 1734 561 1814 rescriptum,
586 1754 648 1791 non
671 1735 732 1866 ipsa
756 1727 850 1788 solum
876 1728 1019 1812 scripturae

332 1815 420 1875 causi
437 1812 638 1872 confirmatum
655 1830 670 1868 e
695 1809 856 1868 evideatur
874 1830 881 1868 :
897 1828 946 1872 aut
962 1814 1019 1873 aliis

335 1914 454 1975 quoque
479 1890 728 1953 constitutionibus
748 1889 855 1949 fadum
878 1911 1019 1977 coargue-

331 1992 389 2034 tur.

375 2050 521 2115 XLV'II.
544 2051 657 2113 Contra
682 2049 818 2134 scripturn
843 2071 943 2116 autem
971 2058 1017 2139 qui

334 2134 435 2208 dicet,
452 2137 576 2216 primum
596 2157 663 2195 eum
681 2134 798 2195 inducet
818 2135 920 2195 locum
936 2184 946 2213 ,
965 2160 1016 2219 per

332 2240 421 2301 quem
446 2219 563 2297 aequitas
588 2216 676 2276 causae
702 2215 917 2278 demonstretur
940 2240 948 2278 t
972 2238 1019 2280 aut

331 2299 466 2360 ostendet
481 2344 489 2372 ,
503 2320 565 2379 quo
585 2301 703 2372 anim0,
723 2321 782 2380 quo
801 2299 942 2375 consili0‚
963 2323 1019 2383 qua

331 2380 369 2441 de
388 2379 470 2441 causa
489 2379 590 2439 fecerit
609 2400 616 2436 ι
640 2380 671 2439 &
688 2425 697 2452 ‚
714 2401 926 2461 quamcumque
947 2403 1017 2442 cau·

329 2462 389 2521 sam
403 2462 543 2530 affumet,
561 2460 755 2539 assumptionis
770 2462 899 2541 partibus
916 2460 946 2523 se
965 2463 1016 2524 de-

328 2542 451 2614 fendet,
468 2541 504 2598 de
523 2540 626 2619 quibus
640 2542 706 2599 ant&
722 2540 828 2600 dictum
845 2540 896 2602 est.
913 2542 1015 2626 Atque

326 2624 385 2680 hoc
409 2625 437 2678 in
464 2619 532 2679 loco
555 2641 644 2700 quum
668 2622 770 2680 diutius
787 2642 1014 2700 commoratus,

326 2702 367 2762 sui
390 2699 456 2758 fadi
477 2702 650 2775 rationem,
677 2703 708 2761 ὃ(
730 2705 897 2783 aequitatem
923 2705 1013 2766 causae

326 2784 532 2855 exornaverit,
548 2800 611 2842 tum
630 2804 665 2843 ex
682 2783 724 2841 his
741 2784 812 2842 locis
830 2783 891 2844 fere
911 2804 1014 2848 contra

322 2861 504 2924 adversarios
527 2865 603 2925 dicet
627 2882 765 2943 oportere
791 2864 886 2925 causas
910 2871 1011 2951 accipi.

323 2943 567 3019 Demonstrabm
590 2946 696 3005 nullam
720 2946 775 3004 effe
791 2946 890 3028 legem
910 2994 920 3023 ‚
948 2973 1011 3091 quae

189 3027 449 3247 qsiquam
468 3049 533 3090 rem
555 3026 711 3100 inutilem,
731 3043 780 3086 aut
796 3031 931 3110 iniquam
973 3033 1011 3092 eri
1058 3077 1060 3112 Ι

912 3114 988 3174 velit
999 3132 1009 3171 ε
