2400 4067
756 665 879 717 AD
934 644 1473 716 HERENNIUM
1521 645 1602 716 L.
1653 647 1716 716 I.
1862 653 1936 743 ς)

535 767 685 817 rebus
716 765 889 832 affequi
914 765 1179 834 poterimus
1203 798 1218 823 ‚
1251 776 1355 814 arte
1378 797 1394 823 ,
1429 763 1701 814 imitatione
1723 797 1737 823 ,
1771 781 1915 814 exer·

539 840 789 891 citatione.
813 840 906 890 Ars
928 839 994 889 est
1015 838 1285 905 praeceptio
1302 870 1317 896 ‚
1349 855 1453 904 quae
1475 838 1558 887 dat
1583 850 1763 887 certam
1782 838 1912 887 viam

536 913 869 980 rationemque
888 912 1105 963 dicendi.
1138 911 1350 961 Imitatio
1379 909 1446 960 est
1462 944 1481 967 ,
1510 910 1603 977 qua
1625 911 1914 975 impellimur

536 1002 645 1036 cum
674 985 890 1053 diligenti
912 987 1102 1037 ratione
1124 1018 1139 1042 ,
1172 997 1228 1034 ut
1259 983 1733 1050 aliquorumcsimiles
1764 983 1813 1033 in
1843 985 1923 1034 'di--

532 1061 691 1110 cendo
719 1061 923 1110 velimus
946 1059 1059 1109 effe.
1086 1058 1387 1108 Exercitatio
1421 1057 1489 1107 est
1512 1056 1726 1108 assiduus
1760 1057 1870 1107 usus
1890 1091 1909 1118 ,

531 1133 929 1199 consuetudoque
974 1132 1184 1182 dicendi.
1236 1130 1479 1194 Quoniam
1514 1131 1659 1198 igitur
1705 1131 1923 1199 demonq

527 1205 723 1256 stratum
748 1206 815 1256 est
834 1239 849 1264 ‚
882 1223 998 1272 quas
1023 1205 1183 1255 causas
1211 1218 1457 1255 oratorem
1480 1205 1700 1270 recipere
1723 1238 1738 1263 ,
1766 1221 1915 1270 quas·.

526 1296 622 1345 que
666 1297 745 1346 res
782 1279 961 1329 habere
1000 1278 1286 1330 conveniret
1319 1311 1335 1337 ,
1379 1294 1508 1327 nunc
1533 1308 1552 1337 ,
1593 1279 1906 1343 quemadmo-

523 1353 637 1401 dum
671 1353 732 1402 ad
756 1353 1023 1402 orationem
1056 1352 1241 1419 possint
1279 1351 1486 1403 oratoris
1519 1349 1677 1402 officia
1706 1368 1906 1402 accom-

523 1426 711 1474 modari
731 1460 749 1483 ,
786 1426 1037 1475 dicendum
1066 1426 1279 1475 videtur.

600 1499 697 1548 111.
722 1498 948 1548 Inventio
972 1499 1022 1546 in
1043 1499 1124 1548 sex
1143 1510 1308 1563 partes
1332 1497 1566 1548 orationis
1589 1499 1900 1560 consumitur,

519 1568 575 1621 in
607 1570 887 1626 exordium,
920 1570 1273 1628 narrationem,
1303 1570 1619 1628 divisionem,
1652 1571 1904 1621 confirma·

526 1643 715 1692 tionem
738 1674 752 1700 ,
784 1642 1165 1692 confutationem
1184 1674 1199 1699 ‚
1232 1642 1614 1694 conclusionem.
1636 1643 1900 1695 Exordium

524 1715 594 1765 est
621 1715 907 1780 principium
932 1715 1160 1764 orationis
1180 1749 1195 1773 ,
1229 1731 1317 1782 per
1340 1717 1470 1782 quod
1492 1717 1672 1766 animus
1707 1719 1900 1769 audito-

522 1790 590 1838 ris
627 1799 710 1837 aut
740 1787 915 1852 judicis
945 1788 1246 1839 constituitur
1268 1822 1283 1848 ‚
1323 1791 1403 1838 vel
1433 1802 1686 1855 apparatur
1719 1792 1779 1840 ad
1811 1810 1901 1841 au-

523 1862 768 1911 diendum.
811 1862 1035 1912 Narratio
1064 1861 1131 1911 est
1167 1878 1327 1912 rerum
1362 1862 1595 1928 gestarum
1617 1897 1632 1922 ,
1668 1876 1753 1914 aut
1783 1882 1898 1930 per-

519 1935 634 1984 inde
658 1947 712 1991 ut
733 1935 962 2002 gestarum
979 1969 992 1994 ‚
1019 1936 1278 2001 expositio.
1305 1935 1500 1985 Divisio
1523 1936 1588 1986 est
1604 1971 1619 1996 ‚
1642 1954 1731 2002 per
1752 1955 1893 2004 quam

518 2009 757 2074 aperimus
786 2042 801 2066 ,
836 2009 949 2075 quid
988 2009 1247 2059 conveniat
1269 2043 1284 2067 ,
1329 2009 1440 2075 quid
1473 2010 1522 2059 in
1561 2013 1894 2064 controversia

516 2083 625 2140 sit;
668 2081 719 2132 δι
751 2099 839 2147 per
872 2100 1014 2149 quam
1050 2082 1330 2148 exponimus
1366 2117 1381 2141 ,
1434 2084 1601 2150 quibus
1644 2085 1704 2134 de
1747 2087 1893 2137 rebus

514 2156 663 2206 simus
711 2156 894 2205 dicturi.
954 2155 1268 2205 Confirmatio
1311 2155 1378 2205 est
1426 2156 1693 2207 nostrorum
1743 2176 1890 2226 argu-

512 2242 788 2295 mentorum
826 2230 1064 2294 expositio
1100 2246 1209 2278 cum
1240 2227 1600 2280 asseveratione.
1647 2230 1892 2282 Confuta-

515 2303 587 2351 tio
627 2302 693 2350 est
730 2304 1080 2352 contrariorum
1114 2305 1334 2351 locorum
1371 2302 1628 2354 dissolutio-
1671 2304 1891 2354 Conclu-

512 2375 588 2425 sio
645 2373 711 2421 est
766 2374 1043 2424 artificiosus
1099 2375 1329 2424 terminus
1384 2376 1633 2426 orationis.
1695 2378 1839 2426 Nunc
1869 2412 1886 2437 ,

513 2446 743 2511 quoniam
775 2449 869 2493 una
906 2463 1012 2493 cum
1046 2448 1250 2494 oratoris
1288 2445 1455 2494 officiis
1491 2480 1506 2504 ‚
1551 2446 1648 2510 quo
1685 2465 1763 2497 res
1798 2466 1890 2497 co·-

512 2519 655 2586 gnitu
688 2517 877 2566 facilior
909 2516 1024 2564 effet
1046 2550 1060 2573 ‚
1102 2515 1323 2579 produffi
1355 2517 1508 2565 sumus
1532 2548 1547 2571 ‚
1583 2529 1638 2564 ut
1681 2518 1740 2564 de
1777 2535 1890 2565 ora-

509 2591 660 2643 tionis
697 2591 910 2655 partibus
948 2591 1256 2654 loqueremur
1283 2621 1298 2644 ,
1341 2587 1392 2636 &
1426 2604 1504 2636 eas
1543 2587 1602 2634 ad
1645 2588 1890 2638 inventio-

506 2667 584 2715 nis
622 2666 860 2714 rationem
889 2661 1404 2718 accommodaremus3
1447 2660 1506 2710 de
1545 2661 1747 2710 exordio
1787 2664 1889 2728 pri..

503 2737 633 2790 mum
668 2738 921 2787 dicendum
953 2738 1164 2786 videtur.

583 2826 633 2872 5.
696 2811 854 2861 Causa
903 2810 1062 2876 posita
1105 2843 1119 2867 ‚
1184 2805 1281 2874 quo
1333 2805 1628 2858 commodius
1673 2809 1887 2863 exord'fi

502 2886 781 2953 possimus,
823 2902 974 2953 genus
1020 2883 1170 2934 causae
1211 2883 1607 2931 considerandum
1645 2882 1727 2931 est.
1777 2884 1884 2933 Ge-

503 2975 625 3008 nera
665 2959 905 3007 causarum
940 2959 1045 3008 sunt
1085 2968 1326 3022 quatuor,
1370 2955 1617 3005 honestum
1642 2989 1655 3010 ‚
1700 2969 1840 3019 turpe
1863 2991 1879 3015 ,

508 3030 705 3079 dubium
730 3063 744 3087 ‚
786 3033 984 3081 humile.
1046 3029 1312 3080 Honestum
1351 3030 1500 3079 causae
1549 3045 1699 3094 genus
1743 3044 1883 3092 puta-

502 3115 587 3152 tur
618 3133 631 3156 ,
667 3118 807 3164 quum
842 3117 922 3152 aut
954 3105 1008 3152 id
1038 3103 1336 3158 defendimus
1362 3136 1374 3160 ,
1411 3101 1539 3167 quod
1569 3102 1626 3149 ab
1661 3120 1740 3148 um
1775 3099 1783 3113 ⁴

504 3172 866 3227 defendendum
893 3176 1120 3236 videtum
1152 3188 1235 3228 aut
1265 3177 1315 3227 id
1345 3190 1671 3298 oppugngmffi
1695 3208 1711 3230 ι

1607 3261 1654 3314 ιι]
