2400 4067
455 471 741 538 Toprcn
858 490 935 562 4η

296 587 343 646 *am
364 585 481 647 vestra:
504 608 679 667 quamquam
704 588 744 644 uti
767 586 855 644 etiam
879 607 937 645 vos

268 669 376 739 oletis,
393 667 444 727 sed
460 668 518 727 hoc
533 668 649 728 modo:
681 666 772 748 Finge
789 668 883 726 manci
905 668 937 725 io

254 749 383 830 aliquem
406 746 512 809 dedisse
533 748 583 822 id,
607 746 687 828 quod
710 748 806 806 manci
827 748 857 806 io
875 688 937 805 dari

254 850 318 890 nou
326 827 440 910 potest:
457 850 528 888 num
539 828 645 889 idcirco
655 830 685 888 id
697 825 758 907 ejus
766 768 873 886 sadum
882 825 936 901 est,

254 913 306 990 qui
314 908 450 990 accepit?
467 925 515 969 aut
526 930 596 969 num
607 912 649 983 is,
665 911 715 990 qui
727 910 871 989 mancipio
886 906 940 968 de·

257 991 318 1063 dit,
337 990 379 1050 ob
393 1011 460 1050 eam
471 1011 534 1050 rem
548 988 576 1050 se
589 989 647 1051 ulle
660 1011 692 1050 re
705 989 846 1070 obligavit
863 989 876 1050 ἓ
901 987 936 1047 ln

256 1072 315 1132 hoc
342 1091 450 1153 genere
478 1072 664 1144 oratoribus,
695 1070 728 1129 &
757 1069 936 1149 philosophis

257 1150 423 1212 concellum
437 1149 496 1225 est,
517 1170 549 1211 ut
564 1168 644 1211 muta
660 1153 748 1212 etiam
761 1151 935 1232 loquantur,

255 1249 288 1293 ut
297 1235 405 1291 mortui
413 1231 448 1290 ab
457 1231 555 1292 inferis
563 1234 741 1306 excitentur,
752 1247 800 1291 aut
808 1231 934 1313 aliquid,

255 1311 337 1394 quod
351 1310 413 1372 fieri
424 1313 504 1373 nullo
515 1313 607 1372 modo
620 1316 729 1392 possit,
743 1312 882 1394 augendae
893 1315 936 1372 rei

255 1392 349 1476 gratid
362 1392 489 1466 dicatur,
504 1408 551 1452 aut
563 1391 745 1464 minuendae,
763 1413 827 1474 qure
838 1395 936 1473 types

255 1475 316 1533 bole
335 1472 455 1547 dicitur,
475 1475 509 1532 &
522 1473 610 1532 multa
626 1472 766 1532 mirabilia
782 1471 845 1532 alia.
874 1472 934 1533 Sed

255 1553 400 1616 latiorest
411 1575 529 1634 campus
541 1554 668 1613 illorum.
702 1549 818 1612 Eisdem
835 1569 934 1612 tamen

255 1657 293 1696 ex
312 1635 401 1709 locis,
416 1652 448 1694 ut
461 1637 527 1694 ante
542 1634 671 1708 dim&
682 1635 712 1692 in
725 1634 875 1706 maximis,
900 1633 935 1691 &·

255 1718 287 1776 in
308 1717 433 1775 minimis
454 1714 655 1798 quaestionibus
681 1729 852 1798 argumenta
878 1713 935 1773 du-

256 1813 370 1858 cuntur.
655 1815 658 1819 ·

296 1875 352 1936 XI.
379 1874 513 1958 Sequitur
529 1874 749 1945 ¹similitudinem
774 1872 935 1939 differentia

253 1959 316 2029 tei,
336 1959 461 2016 maxime
484 1960 627 2017 contraria
644 1954 806 2037 superiori:
827 1956 877 2018 sed
894 1955 936 2018 est

254 2036 386 2116 ejusdem
399 2037 534 2098 dissimile
551 2039 584 2097 δι
597 2038 688 2097 simile
699 2039 840 2111 invenire.
865 2035 935 2117 Ejus

256 2120 370 2201 generis
388 2118 449 2177 haec
470 2116 533 2177 sunt
554 2139 562 2175 τ
594 2116 666 2177 Non
726 2117 935 2178 emadmodum

255 2199 338 2279 quod
359 2197 470 2256 mulieri
490 2197 625 2268 debeas,
654 2217 685 2256 re
715 2199 803 2276 eipsi
822 2199 935 2259 mulieri

253 2283 316 2340 sine
327 2294 423 2337 tutore
431 2275 548 2336 ausiore
559 2275 653 2334 solvas
663 2297 672 2348 ;
683 2275 814 2355 itaquod
825 2292 873 2335 aut
882 2299 936 2357 pu-

253 2359 331 2441 pillae
347 2375 395 2418 aut
409 2356 520 2437 pupillo
533 2356 661 2430 debeas,
680 2353 757 2416 teile
773 2357 864 2436 possis
881 2376 935 2419 eo·

256 2441 326 2500 dem
337 2438 430 2500 modo
439 2437 563 2500 solvere.
870 2446 872 2453 '

294 2539 346 2596 47.
360 2519 512 2600 Deinceps
525 2519 607 2579 locus
620 2514 679 2591 est,
695 2518 744 2600 qui
759 2521 933 2580 econtrario

254 2599 366 2662 dicitur.
397 2599 619 2661 Contrariorum
637 2615 734 2659 autem
752 2619 860 2682 genera
871 2599 934 2661 sunt

253 2680 346 2760 plura.
376 2681 476 2741 Unum
491 2691 612 2754 eorum,
632 2702 694 2762 quae
710 2681 740 2739 in
755 2681 864 2742 eodem
882 2702 935 2763 gea

253 2780 325 2818 nere
337 2760 493 2837 plurimum
511 2760 662 2834 differunt,
681 2777 713 2819 ut
727 2760 880 2843 sapientia,
901 2763 933 2827 &

254 2835 378 2897 stultitia.
408 2838 524 2899 Eodem
545 2858 643 2900 autem
660 2861 767 2921 genere
782 2840 934 2916 dicuntur,

254 2915 357 2996 quibus
380 2920 537 2998 propositis
562 2937 717 2981 occurrunt
739 2937 887 3000 tamquam
916 2941 934 2982 e

253 2999 376 3082 regione
394 2997 526 3082 quedam
551 3002 768 3142 contratia‚sut
794 3000 933 3062 celeritati

742 3102 771 3144 iv
