2400 4067
265 359 339 431 194
388 339 462 408 Dn·
488 339 816 407 mmmmm
862 360 866 369 ·

259 476 366 537 magno
387 453 489 515 utilitas
512 450 575 527 est,
596 450 646 512 sed
665 453 850 533 praecipiendi
872 474 951 537 quo-

259 556 315 616 que
334 534 444 596 summa
460 533 617 594 difficultas.
833 603 835 607 Ι

255 658 259 665 -
299 615 434 676 XXXI.
464 615 571 681 Omnis
597 616 680 697 igitur
706 619 948 696 argumentatio,

257 713 307 756 aut
321 717 374 778 per
386 697 582 756 induffionem
594 694 739 754 tranando
755 693 815 770 est,
828 714 880 774 out
894 719 947 780 per

257 780 514 837 ratiocmationem.
532 774 664 836 {ndufflo
685 772 726 835 est
744 779 862 853 oratio,
881 799 946 860 qua

252 857 341 932 nebus
358 879 419 918 non
433 857 524 917 dubiis
542 872 637 938 captat
653 854 843 920 offensionem
862 859 944 935 ejus,

255 942 369 1018 quicum
387 936 509 997 instituta
525 936 567 997 est
586 959 596 1010 3
615 937 716 1018 quibus
737 934 944 1001 offensionibus

255 1020 347 1092 facit,
366 1035 398 1078 ut
415 1019 455 1078 illi
475 1018 560 1077 dubia
581 1018 714 1098 quaedam
733 1039 803 1092 res,
823 1038 944 1101 propter

255 1099 468 1159 similitudinem
482 1119 581 1159 earum
595 1118 710 1171 rerum,
726 1099 828 1179 quibus
839 1122 944 1163 assen-

255 1182 312 1255 sit,
327 1179 486 1263 probetur:
502 1179 583 1239 velut
596 1179 673 1260 apud
680 1177 861 1243 Socraticum
876 1182 943 1243 AEs·

251 1261 368 1323 ¹cbn'nem
386 1257 561 1321 demonstrat
578 1258 731 1332 Socrates,
748 1280 815 1319 cum
834 1263 943 1323 Xeno·

254 1343 371 1422 phontis
389 1362 501 1416 uxore,
520 1342 553 1401 ὅ(
570 1361 637 1399 cum
656 1339 718 1422 ipso
739 1339 943 1423 Xenophonte

253 1421 405 1504 Aspasiam
429 1423 555 1482 locutam
579 1443 587 1481 ι
615 1419 673 1480 Dic
696 1421 790 1497 mihi,
814 1424 941 1504 quaeso‚

254 1500 459 1585 Xenophontis
482 1525 579 1576 uxor,
605 1503 628 1561 si
652 1504 746 1562 vicina
764 1518 814 1562 tua
837 1507 942 1567 melius

253 1583 358 1648 habeat
377 1605 494 1658 aurum,
516 1583 603 1664 quom
617 1599 647 1641 tu
665 1582 771 1655 habes,
787 1587 885 1645 utrhm
907 1589 942 1647 il·

252 1664 326 1740 lius,
345 1687 381 1725 an
397 1683 478 1724 tuum
495 1665 577 1723 malis
594 1663 606 1723 ?
622 1662 722 1737 Illius,
741 1666 840 1744 inquit.
855 1666 941 1746 Quid
971 1695 974 1701 ·

253 1748 277 1804 si
290 1744 421 1816 vestem,
437 1747 469 1804 &
481 1761 608 1819 ceterum
622 1761 754 1803 ornatum
767 1744 942 1811 muliebrem

253 1829 336 1906 pretii
362 1824 479 1904 majoris
501 1825 606 1885 habeat
629 1871 638 1899 ‚
701 1825 749 1884 om
769 1841 800 1884 tu
823 1826 939 1904 habes,

253 1923 392 1985 ¹tuumne,
406 1928 445 1967 an
458 1905 531 1966 illius
544 1905 625 1966 malis
644 1904 654 1965 ἰ
686 1905 749 1964 llius
765 1908 861 1982 verb,
878 1910 939 1970 res-

253 1989 366 2068 pondit.
381 1987 446 2070 Age
462 2033 471 2062 ‚
489 1990 601 2067 inquit,
623 1989 645 2046 si
660 1989 753 2047 virum
768 1987 817 2047 illa
830 1989 939 2051 melio·

251 2089 315 2127 rem
337 2069 465 2140 habeat,
492 2069 579 2149 quom
604 2083 635 2127 tu
660 2067 776 2141 habos,
800 2066 938 2134 utn'imne

249 2165 354 2289 ἱυυιῃ,
374 2170 410 2211 an
434 2149 507 2209 illius
527 2148 639 2210 malis?
661 2149 718 2209 Hic
740 2149 843 2210 mulier
866 2171 937 2212 eru·

271 2249 322 2297 un.
792 2267 796 2275 ·

297 2331 343 2393 52.
357 2311 478 2393 Aspasia
488 2329 583 2372 autem
597 2329 662 2370 cum
676 2309 738 2391 ipso
751 2309 938 2393 Xenophon·

250 2408 280 2451 te
304 2390 467 2453 sermonem
494 2391 617 2451 instituit.
645 2390 753 2470 Quaeso
771 2436 786 2466 ,
816 2395 934 2475 inquit,

250 2470 659 2553 Xenophon‚sivicinustuus
667 2473 817 2533 meliorem
826 2493 934 2556 equum

250 2544 380 2632 habeat,
402 2551 489 2632 qunm
510 2568 574 2610 n1us
598 2551 662 2627 est,
688 2569 806 2614 tuumne
826 2574 935 2635 equum

250 2633 332 2697 malis
347 2679 357 2707 ‚
375 2655 412 2692 an
429 2632 501 2691 illius
522 2631 533 2690 ἓ
555 2631 632 2691 Illius
648 2677 657 2707 ,
680 2635 778 2714 inquit.
806 2634 891 2714 Quid
904 2640 936 2697 <si

249 2714 371 2775 fundum
383 2713 535 2773 meliorem
547 2713 668 2787 habeat,
683 2717 770 2794 quom
779 2731 809 2774 tu
822 2717 935 2793 habes,

249 2814 344 2856 utmm
360 2794 479 2854 tandem
496 2793 618 2852 fundum
640 2795 747 2856 habere
764 2797 874 2856 malis?
895 2798 936 2858 ll·

249 2878 338 2954 lum.,
357 2877 448 2958 inquit
467 2920 476 2950 ,
496 2875 649 2938 meliorem
664 2875 777 2939 scilicet.
800 2877 887 2961 Quid
914 2882 938 2941 si
