2400 4067
315 497 391 568 292
445 477 518 546 Dr
545 476 873 548 Iuraurioua·

311 612 382 652 eum
393 639 405 666 ,
424 596 473 675 qui
489 594 574 674 culpi
590 612 707 664 careat,
721 590 861 672 supplicio
875 612 938 652 non
952 614 1001 653 ca-

311 693 388 734 rere.
411 675 485 734 Loci
502 691 598 734 autem
617 693 787 733 communes
807 672 1001 748 accusatoris,

311 775 385 814 unus
400 757 429 813 in
446 755 653 828 confessione,
670 756 702 814 &
712 753 806 826 alter,
821 771 928 834 quauta
942 753 1020 836 po?

311 833 396 895 testas
411 837 553 918 peccandi
566 836 762 916 relinquatur,
779 837 802 892 si
815 834 905 894 semel
920 836 999 895 insli-

311 913 407 976 tutum
424 922 481 992 sit,
498 935 529 977 ut
549 939 610 976 non
631 918 667 975 de
687 915 762 975 facio
772 959 784 985 ,
801 912 851 974 sed
871 914 909 975 de
931 916 997 975 faui

309 997 392 1057 causa
401 1016 561 1078 quaeratur:
577 996 752 1069 defensoris,
765 994 936 1134 conquestio
945 1019 998 1056 ca-

309 1076 444 1137 lamitatrs
461 1078 544 1157 ejus,
560 1101 623 1159 quae
636 1100 696 1137 non
706 1075 811 1156 culpi,
837 1076 874 1135 ed
886 1078 918 1137 vi
934 1100 997 1137 ma·

307 1154 373 1236 jore
390 1159 514 1239 quadam
526 1159 680 1232 acciderit,
698 1158 730 1217 &
749 1155 786 1215 de
799 1154 923 1217 fortunae
940 1181 998 1239 po-

308 1236 436 1311 testate,
456 1240 486 1297 &
512 1240 665 1298 hominum
684 1236 874 1309 infirmitate,
899 1239 932 1297 &
954 1242 995 1299 uti

308 1317 388 1377 suum
406 1320 553 1393 animum,
568 1341 630 1379 non
644 1334 784 1378 eventum
797 1318 995 1379 considerent.

306 1398 342 1458 In
358 1401 460 1480 quibus
477 1402 611 1460 omnibus
628 1397 868 1481 conquestionem
881 1400 995 1461 suarum

307 1502 497 1541 aertunnarum
509 1527 519 1556 ‚
534 1482 566 1541 ὃ(
578 1481 753 1541 crudelitatis
765 1479 994 1541 adversariorum

305 1562 538 1643 indignationem
555 1561 642 1623 inelle
660 1562 821 1644 oportebit.

353 1662 419 1703 102.
441 1642 487 1702 Ac
505 1646 654 1703 neminem
666 1645 761 1702 mirari
776 1643 955 1717 conveniet,
972 1646 995 1702 si

308 1741 356 1783 aut
381 1728 411 1783 in
435 1726 504 1797 his,
527 1740 576 1782 aut
597 1726 627 1782 in
650 1724 709 1782 aliis
733 1724 874 1804 exemplis
898 1723 994 1805 scripti

328 1826 424 1885 uoque
440 1806 672 1865 controversiam
689 1802 852 1883 adjundlam
868 1804 994 1865 videbit.

307 1826 381 1963 Quo
400 1885 437 1946 de
455 1905 565 1967 genere
582 1882 646 1965 post
666 1887 719 1944 erit
737 1885 822 1944 nobis'
840 1883 995 1964 separatim

307 1965 487 2040 dicendum,
510 1982 667 2047 propterea
683 1965 766 2045 quod
805 1966 918 2026 uaedam
940 1988 996 2050 ge-

307 2068 378 2107 nera
394 2047 560 2121 causarum,
579 2045 769 2126 simpliciter,
786 1987 821 2105 dt
840 2067 875 2106 ex
895 2046 943 2107 sua
963 2052 994 2109 vi

306 2130 526 2190 considerantur
545 2149 552 2185 τ
574 2126 707 2209 quaedam
724 2145 821 2187 autem
840 2127 895 2186 sibi
914 2129 993 2189 aliud

307 2231 425 2292 quoque
443 2208 562 2291 aliquod
583 2209 792 2271 controversiae
810 2228 901 2290 genus
919 2207 995 2271 allu-

305 2308 399 2352 munt.

349 2392 419 2452 103,
433 2372 535 2452 Quare
551 2372 686 2432 omnibus
702 2372 845 2453 cognitis,
860 2392 921 2429 non
939 2374 995 2433 erit

305 2453 423 2514 difficile
438 2456 466 2511 in
479 2474 711 2533 unamquamque
728 2451 838 2511 causam
855 2452 994 2513 transfer·

306 2554 338 2594 re
352 2579 361 2605 ,
376 2534 455 2615 quod
467 2554 503 2593 ex
517 2555 634 2614 quoque
646 2553 753 2615 genere
767 2535 926 2593 conveniet
940 2554 947 2592 :
959 2552 991 2595 ut

306 2616 337 2672 in
348 2615 392 2672 his
405 2615 545 2694 exemplis
558 2617 754 2674 concessionis
766 2611 839 2673 inest
854 2614 993 2673 omnibus

306 2693 403 2774 scripti
418 2697 617 2756 controversia
634 2714 668 2754 ea
679 2693 768 2774 ,quae
784 2715 820 2754 ex
834 2691 942 2774 scripto
959 2696 993 2755 &

306 2774 447 2835 sententia
462 2780 628 2836 nominatur
645 2795 652 2833 ε
670 2775 719 2834 sed
734 2778 799 2855 quia
816 2773 853 2834 de
871 2796 996 2836 conces-

306 2858 389 2916 sione
408 2858 620 2938 loquebamur,
639 2858 668 2913 in
687 2876 752 2916 eam
772 2872 918 2936 praecepta
937 2857 995 2917 de-

306 2936 411 2996 dimus.
422 2937 492 2997 Alio
510 2955 605 2995 autern
620 2937 688 2996 loco
705 2937 741 2996 de
758 2936 863 3016 scripto
878 2936 910 2995 &
924 2935 994 2997 sen-

301 3019 394 3078 tentia
413 3017 553 3080 dicemus.
572 3017 658 3079 Nunc
675 3020 706 3077 in
724 3018 845 3079 alteram
865 3038 995 3081 conces-

193 3087 360 3278 Α
547 3115 549 3118 ,
