2400 4067
246 483 334 559 ‚490
453 459 749 534 Omna.

255 582 321 645 vilis
333 579 403 662 juris
415 578 549 662 ignatus?
565 577 732 662 Cognoscat
747 577 839 640 etiam
851 590 944 639 rerum

257 659 400 746 gestamm
424 663 457 721 &
480 663 630 722 memoriae
653 662 762 720 veteris
792 660 942 733 ordinem,

257 745 385 804 maxime
398 741 501 802 scilicet
513 739 617 801 nostrae
633 744 771 816 civitatis3
787 741 839 801 sed
853 742 884 801 &
894 743 944 800 im·

259 823 440 907 petiosorum
458 845 497 904 po
518 823 662 897 olorum,
686 823 718 882 &
742 843 846 904 regum
868 822 943 882 illus-

258 906 369 965 trium:
396 923 484 986 quem
497 845 628 965 saborem
642 905 728 963 nobis
747 905 841 963 Attici
862 901 943 963 nostri

259 986 372 1047 levavit
387 985 489 1058 labor;
509 989 558 1066 qui
571 982 767 1058 conservatis,
785 983 943 1066 notatisque

245 1067 461 1149 temporibus,
479 1066 549 1126 nihil
563 1088 652 1147 quum
663 1065 768 1127 illustre
777 1069 944 1147 praetermit-

250 1163 354 1220 -tetet,
367 1167 510 1207 annorum
518 1146 609 1228 septin
631 1164 766 1209 entorum
776 1151 944 1207 memoriam

260 1247 321 1288 uno
334 1227 409 1288 libro
421 1229 581 1312 colligavit.
638 1227 726 1289 escire
740 1247 860 1303 autem,
881 1227 943 1309 quid

259 1326 366 1382 antea,
386 1309 474 1391 quim
494 1326 577 1370 natus
593 1312 654 1382 sis,
679 1309 837 1384 acciderit,
860 1307 945 1369 idest

260 1387 377 1471 semper
389 1389 445 1452 esse
464 1411 596 1473 puerum.
625 1390 708 1471 Quid
725 1393 807 1451 enim
825 1389 869 1450 est
883 1394 945 1450 ae'tas

260 1469 407 1547 hominis,
433 1473 487 1532 nisi
501 1474 644 1533 memoria
665 1491 761 1533 rerum
789 1470 945 1532 nostramm

261 1571 329 1612 cum
342 1550 522 1633 superiorum
533 1569 619 1613 aetate
637 1551 826 1625 contexitur?
854 1551 945 1613 Com-

185 1667 211 1707 χ,
260 1635 439 1694 memoratio
453 1653 551 1694 autem
569 1635 765 1714 antiquitatis,
793 1634 945 1714 exemplo-

251 1733 386 1796 ·tumque
407 1715 561 1796 prolatio,
590 1713 699 1774 summa
728 1734 797 1773 cum
819 1713 944 1775 deletit-

261 1797 364 1935 signe,
390 1795 423 1857 δι
450 1796 651 1856 αυᾶοτὶῑειῑειη
666 1796 794 1856 orationi
817 1792 944 1856 affert&

305 1895 363 1936 em.
542 1904 544 1908 ·

308 1974 374 2015 121.
392 1954 439 2016 Sic
450 1956 534 2038 igitur
544 1954 690 2015 instrusius
706 1958 808 2016 veniet
825 1955 865 2016 ad
882 1978 945 2016 cau·

261 2033 325 2109 sas3
343 2058 464 2119 quarum
487 2036 605 2097 habebit
623 2057 729 2119 genera
748 2040 877 2117 primum
894 2035 936 2117 ips

262 2120 404 2256 coqmita:
433 2119 487 2181 etit
508 2120 586 2178 enim
609 2120 636 2178 ei
656 2117 860 2198 perspesium‚
885 2119 944 2178 nihil

257 2218 311 2266 om
332 2201 371 2282 igi
388 2197 487 2280 posse,
509 2201 537 2258 in
552 2220 611 2280 quo
630 2220 691 2257 non
708 2217 756 2258 aut
771 2222 818 2259 res
832 2220 946 2261 contro·

262 2282 388 2342 versiam
407 2279 518 2353 saciat,
545 2296 593 2340 aut
614 2280 714 2340 verba.
737 2279 820 2354 Rem
850 2299 896 2341 aut
913 2280 946 2344 de

262 2360 357 2436 uero,
370 2379 418 2421 aut
432 2362 469 2422 de
482 2361 584 2434 resto,
606 2377 654 2420 aut
668 2360 705 2420 de
720 2364 855 2422 nomine.
878 2361 946 2420 Ver·

262 2439 322 2515 ba,
342 2459 393 2503 aut
415 2443 453 2503 de
471 2443 548 2502 ambi
570 2463 637 2515 ue,
662 2459 711 2500 aut
734 2442 772 2502 de
795 2445 947 2503 contrario.

262 2519 342 2582 Nam
359 2527 381 2582 si
399 2522 515 2603 quando
533 2463 610 2582 asiud
630 2525 658 2581 ih
678 2520 820 2583 sententia
839 2524 946 2584 videtur

261 2601 342 2676 esse,
360 2604 437 2664 aliud
456 2606 485 2662 in
500 2605 617 2677 verbis,
634 2624 724 2686 genus
741 2602 784 2664 est
800 2605 948 2684 quoddam

262 2684 413 2766 ambigui„
439 2684 519 2766 quod
541 2705 578 2747 ex
598 2687 748 2766 preterito
770 2685 868 2746 verbo
892 2683 949 2745 fieti

261 2762 356 2839 solet3
373 2768 401 2825 in
411 2786 490 2846 quo,
509 2766 589 2846 quod
604 2765 644 2826 est
658 2767 865 2848 ambiguorum
880 2788 949 2848 pro-

260 2849 377 2929 prium,
393 2867 438 2907 res
452 2847 521 2906 duas
533 2846 686 2930 significari
693 2848 840 2908 videmus.

302 2927 436 2989 XXXV.
456 2928 559 3007 Quum
577 2947 637 2989 tam
658 2950 750 3008 pauca
770 2931 829 2988 sint
845 2947 950 3010 genera

254 3009 423 3086 musamm,
440 3012 528 3072 etiam
538 3026 783 3095 atgmoeutotum
800 3026 950 3092 praecepta
