2400 4067
246 491 540 558 Rrrarortrcn
572 489 676 553 err.
702 488 753 558 ll.
803 509 875 582 331

189 601 340 684 adjunclio
361 599 402 661 est
417 601 502 674 haec,
527 599 590 660 Nisi
612 602 713 661 malint
731 601 809 664 fame
828 625 883 685 pe-

189 688 248 748 rire
265 685 312 743 :si
329 684 408 743 enirn
423 681 453 741 id
471 682 603 756 malunt,
622 705 684 744 non
701 681 742 743 est
760 684 883 747 neccsse.

190 765 263 829 Hoc
281 761 401 825 inferius
422 784 483 822 non
503 765 599 837 item,
614 783 784 904 ¹propterea
804 767 883 861 quiid

626 866 643 905 e

192 850 255 909 sive
275 845 370 908 velint
390 841 595 905 Cassilinenses
666 846 800 920 dedere,
821 867 885 911 srve

191 925 302 989 famem
315 928 450 1009 perpeti,
471 943 557 1006 atque
572 928 613 985 ita
630 929 750 1007 perire,
768 926 885 991 necesse

192 1006 235 1071 est
246 1006 423 1071 Cassilinum
443 1009 543 1067 venire
560 1008 590 1064 in
611 1005 764 1068 Annibalis
802 1027 884 1069 otes-

191 1107 296 1151 tatem.
322 1088 405 1168 Quid
427 1089 435 1147 i
457 1091 511 1146 itur
537 1086 676 1168 perficere
701 1032 800 1170 poted
820 1090 882 1151 haec

190 1170 411 1257 necessitudinis
433 1108 620 1228 distributio?
644 1169 740 1251 Prope
763 1171 883 1245 dicam,

195 1253 376 1334 plurimum,
400 1272 489 1332 quum
505 1250 537 1308 'is
560 1250 642 1310 locus
664 1252 883 1312 necessitudinis

191 1332 341 1395 videbitur
363 1334 520 1391 incurrere.
548 1329 626 1389 Nam
648 1353 736 1410 quum
759 1334 882 1412 simplex

191 1417 246 1474 erit
259 1412 443 1475 necessitudo
456 1457 467 1483 ,
485 1410 556 1469 nihil
569 1414 622 1470 erit
638 1412 716 1491 quod
729 1413 818 1472 multa
833 1414 884 1471 di-

192 1514 319 1570 camus,
347 1514 436 1575 quum
463 1491 633 1555 camnulld
654 1496 767 1555 ratione
790 1494 883 1555 lenire

191 1596 347 1659 possimus.

238 1676 304 1733 17²·
323 1654 425 1732 Quum
445 1673 542 1716 autem
561 1656 601 1714 ita
620 1653 733 1717 necelle
751 1658 828 1729 erit,
850 1670 883 1715 ut

192 1737 299 1819 aliquid
312 1734 441 1875 effupere
453 1781 462 1809 ,
475 1754 521 1794 aur
533 1735 650 1818 adipisci
661 1735 783 1797 velimus
794 1782 804 1810 ,
817 1754 881 1796 tum

192 1817 338 1897 adjundlio
355 1816 428 1887 ila,
449 1817 518 1897 quid
536 1817 641 1877 habeat
661 1817 811 1892 utilitatis,
831 1833 880 1877 aut

192 1899 261 1980 (prid
274 1896 430 1959 honestatis
444 1943 453 1971 ,
467 1900 520 1958 erit
534 1899 789 1959 considerandum.
802 1898 881 1958 Nam

192 1981 216 2042 si
234 1980 307 2041 velis
322 1976 472 2038 attendere
495 1980 559 2052 (ita
572 1996 694 2051 tamen,
713 1997 744 2040 ut
757 1981 785 2040 id
801 2002 882 2063 quae-

191 2082 262 2135 ras,
282 2059 364 2142 quod
385 2059 542 2118 conveniat
560 2059 598 2116 ad
621 2060 701 2120 usum
722 2060 878 2142 civitatis)

190 2144 320 2221 reperias
347 2137 456 2196 nullam
481 2135 537 2197 elle
557 2159 646 2213 rem,
674 2162 760 2221 quarn
782 2141 879 2203 facere

190 2217 306 2282 necelle
326 2218 383 2286 sit,
399 2218 452 2275 nisi
467 2233 589 2298 propter
603 2218 727 2297 aliquam
744 2221 880 2296 causam,

191 2321 280 2384 quam
299 2295 515 2376 adjunclionem
539 2299 721 2357 nominamus
744 2303 880 2379 :pariter

193 2400 291 2444 autem
314 2379 370 2438 elle
389 2376 493 2437 multas
514 2397 559 2437 res
579 2378 817 2452 necessitudinis,
843 2381 881 2440 ad

193 2485 263 2544 quas
281 2459 380 2521 similis
397 2455 543 2536 adjuntlio
561 2479 623 2516 non
641 2458 753 2520 accedit
773 2480 779 2517 :
799 2460 881 2540 quod

194 2565 308 2626 genus,
335 2558 368 2600 ut
392 2541 525 2600 homines
551 2539 689 2599 mortales
712 2541 883 2616 intereant,

194 2624 304 2685 netelle
317 2621 358 2683 est
371 2623 432 2682 sine
446 2620 631 2701 adjundlione
644 2642 651 2680 ε
665 2636 696 2680 ut
709 2622 775 2681 cibo
791 2640 880 2682 utan-
912 2626 918 2643 '

193 2723 259 2778 tur,
278 2726 338 2764 non
356 2702 468 2765 necelle
488 2702 549 2775 est,
564 2706 619 2763 nisi
629 2724 695 2763 cum
710 2703 759 2763 illa
774 2725 881 2786 excep·

194 2789 275 2846 tione
296 2829 306 2858 ‚
327 2783 414 2845 Extr‘a
436 2786 549 2868 quim,
575 2789 600 2846 si
618 2786 712 2847 nolint
730 2784 808 2848 farne
827 2808 881 2868 pe-

194 2885 260 2925 rrre.

241 2961 306 3022 173.
326 2940 426 3024 Ergo,
441 2960 472 3002 ut
485 2945 563 3017 dixi,
579 2945 668 3018 illud,
685 2947 765 3028 quod
780 2944 883 3022 adjun-

194 3029 291 3111 gitur,
309 3022 442 3106 semper,
460 3022 621 3106 cujusmodi
637 3028 693 3100 sit,
711 3027 764 3088 erit
784 3031 880 3089 consi-
