2400 4067
266 451 341 546 146
392 454 468 523 Dr
494 455 846 527 INVENTIONE

262 593 311 631 ma
324 572 402 632 bella
420 570 571 666 restinsla,
587 569 769 668 firmissimas
786 572 950 674 societater,
970 638 978 679 r

258 651 445 713 sanslissimas
467 667 604 713 amtctttas
623 653 761 737 intelligo
782 673 857 717 turn
878 680 950 720 amnt
976 692 979 697 ·

258 736 392 810 ratione,
409 750 472 795 tum
487 732 595 794 facilius
610 733 951 828 eloquentiicompara·
967 728 974 833 ζ

259 831 314 874 tas.
331 814 441 876 Acme
456 815 575 898 quidem
591 814 641 874 diu
657 834 877 899 cogitantem,
892 823 949 883 ratio

258 894 318 976 ipsa
332 897 361 955 in
379 896 452 955 hanc
469 898 650 978 potissimum
664 895 857 963 sententiam
872 903 948 978 ducit,

257 995 290 1036 ut
310 975 492 1051 existimem,
512 977 680 1059 sapientiam
697 980 765 1042 sine
787 984 948 1068 eloquentia
976 1060 980 1067 Ι

256 1078 359 1138 parum
381 1057 514 1139 prodesle
537 1060 728 1135 civitatibus,
751 1062 947 1148 eloquentiam
965 1114 982 1155 g

256 1140 331 1200 vero
342 1141 402 1199 sine
415 1139 552 1220 sapientia
565 1143 687 1202 nimiltm
700 1143 814 1207 obesse
830 1148 946 1229 plerum·
965 1172 969 1225 ς

256 1238 338 1300 que,
359 1219 491 1300 prodesse
509 1242 677 1302 numquam.
697 1223 815 1304 Quare
836 1233 863 1289 si
879 1232 945 1314 quis,
966 1258 969 1265 ·

256 1302 370 1360 omissis
385 1300 548 1362 reslissimis
563 1320 651 1383 atque
666 1304 892 1373 honestissimis
903 1310 945 1371 slu-

256 1380 310 1441 diis
331 1383 449 1442 rationis
470 1385 503 1444 &
525 1381 638 1459 officii,
662 1385 820 1450 consumit
840 1412 943 1454 omnem

256 1483 378 1542 operam
395 1467 425 1524 in
442 1467 650 1525 exercitatione
669 1465 822 1546 dicendi,
838 1475 864 1535 is
878 1476 944 1535 inuti·

210 1592 216 1611 ,
255 1541 289 1604 lis
302 1545 376 1618 sibi,
389 1545 563 1627 perniciosus
576 1550 676 1627 patriae
687 1550 766 1610 civis
781 1550 878 1616 alitur
891 1555 944 1638 ‚qui

254 1626 329 1687 verb
349 1628 388 1686 ita
411 1625 469 1688 sese
491 1647 582 1687 armat
608 1627 819 1710 eloquendi,
845 1653 943 1697 utnon

256 1727 427 1789 oppugnare
443 1708 602 1769 commoda
619 1711 746 1789 patriae,
768 1712 829 1777 sed
847 1718 942 1801 prolis

254 1808 294 1869 pu
315 1809 383 1848 nare
407 1792 522 1869 possit,
546 1791 569 1848 is
590 1790 659 1849 mihi
679 1793 729 1851 vir
753 1794 792 1855 &
820 1796 942 1875 suis,&

254 1808 375 1950 poilicis
392 1871 549 1930 rationibus
563 1871 754 1951 utilissimus,
772 1895 873 1963 atque
886 1883 942 1943 auti·

254 1951 383 2010 tissimus
400 1953 470 2012 civis
486 1949 551 2011 sore
568 1952 695 2014 videtur.

297 2051 325 2090 a.
347 2030 394 2091 Ac
415 2034 438 2091 si
455 2033 591 2093 volumus
612 2031 695 2107 huius
717 2039 790 2114 rei,
812 2061 883 2124 quae
897 2064 941 2105 vo·

253 2127 334 2171 catur
351 2113 540 2194 eloquentia,
558 2117 621 2174 sive
641 2117 734 2192 artis,
758 2120 832 2185 sive
851 2122 940 2198 slutlii,

251 2193 315 2253 sive
333 2195 545 2255 exercitationis
559 2192 727 2274 cujusdam,
746 2203 821 2266 sive
837 2202 939 2267 saorla

252 2275 290 2334 tis
307 2275 343 2336 ab
362 2294 462 2336 natura
478 2275 616 2358 profesiae
633 2280 834 2349 considerare
874 2288 939 2349 riud-

251 2357 332 2438 pium
344 2379 353 2432 3
365 2361 542 2439 reperiemus
553 2359 583 2416 id
599 2380 635 2418 ex
647 2359 874 2431 honestissimis
886 2391 938 2431 cau·

251 2439 288 2496 sis
306 2456 427 2514 natum,
445 2458 532 2522 atque
550 2442 668 2520 optimis
686 2446 865 2513 rationibtis
882 2472 937 2535 pro·

251 2516 370 2578 fesium.

294 2597 335 2658 ΙΙ.
357 2599 435 2659 Nam
453 2599 507 2659 suit
523 2602 673 2683 quoddam
690 2614 845 2690 teinpus,
864 2630 936 2698 mun

250 2677 280 2736 in
301 2701 316 2736 a
338 2681 374 2739 ris
396 2680 529 2742 homines
548 2681 649 2763 passim
669 2683 839 2754 bestiarum
859 2692 935 2757 morlo

250 2700 428 2842 vagalsantur
448 2809 459 2837 ,
482 2764 514 2822 &
539 2766 592 2824 sibi
619 2764 696 2825 vislu
724 2768 834 2837 serino
859 2778 935 2838 vinu

249 2843 451 2927 propagabant
462 2866 472 2920 ;
482 2865 537 2905 nec
547 2849 658 2908 ratione
669 2849 763 2912 animi
773 2858 939 2941 quidquam,

248 2921 299 2983 sed
316 2926 453 3007 pleraque
474 2927 581 2986 viribus
599 2933 734 3010 corporis
760 2936 935 3001 administra

249 3004 331 3069 bant.
344 3006 486 3072 Nondum
504 3008 609 3075 divinae
624 3010 798 3096 religionis,
814 3042 882 3087 non
892 3022 937 3083 hu·
