<?xml version="1.0" encoding="UTF-8"?>
<!DOCTYPE html PUBLIC "-//W3C//DTD XHTML 1.0 Transitional//EN"
    "http://www.w3.org/TR/xhtml1/DTD/xhtml1-transitional.dtd">
<html xmlns="http://www.w3.org/1999/xhtml" xml:lang="en" lang="en">
 <head>
  <title>
</title>
<meta http-equiv="Content-Type" content="text/html;charset=utf-8" />
  <meta name='ocr-system' content='tesseract 3.04.00' />
  <meta name='ocr-capabilities' content='ocr_page ocr_carea ocr_par ocr_line ocrx_word'/>
</head>
<body>
  <div class='ocr_page' id='page_1' title='image "./mtulliiciceroni01lallgoog_0482.png"; bbox 0 0 2400 4067; ppageno 0'>
   <div class='ocr_carea' id='block_1_1' title="bbox 341 480 897 594">
    <p class='ocr_par' dir='ltr' id='par_1_1' title="bbox 341 480 897 594">
     <span class='ocr_line' id='line_1_1' title="bbox 341 480 897 594; baseline -0.014 -24"><span class='ocrx_word' id='word_1_1' title='bbox 341 483 419 594; x_wconf 55' lang='lat' dir='ltr'>wi</span> <span class='ocrx_word' id='word_1_2' title='bbox 532 480 897 564; x_wconf 51' lang='lat' dir='ltr'>Ouarom‘</span> 
     </span>
    </p>
   </div>
   <div class='ocr_carea' id='block_1_2' title="bbox 341 605 1066 1656">
    <p class='ocr_par' dir='ltr' id='par_1_2' title="bbox 341 605 1024 775">
     <span class='ocr_line' id='line_1_2' title="bbox 341 605 1024 692; baseline -0.009 -16"><span class='ocrx_word' id='word_1_3' title='bbox 341 634 398 677; x_wconf 81' lang='lat' dir='ltr'>tus.</span> <span class='ocrx_word' id='word_1_4' title='bbox 426 609 476 672; x_wconf 82' lang='lat' dir='ltr'>Est</span> <span class='ocrx_word' id='word_1_5' title='bbox 488 628 587 671; x_wconf 87' lang='lat' dir='ltr'>autem</span> <span class='ocrx_word' id='word_1_6' title='bbox 602 609 673 670; x_wconf 90' lang='lat' dir='ltr'>illud</span> <span class='ocrx_word' id='word_1_7' title='bbox 686 611 806 670; x_wconf 85' lang='lat' dir='ltr'>acrioris</span> <span class='ocrx_word' id='word_1_8' title='bbox 821 605 935 692; x_wconf 84' lang='lat' dir='ltr'>ingenii</span> <span class='ocrx_word' id='word_1_9' title='bbox 947 656 956 684; x_wconf 93' lang='lat'>‚</span> <span class='ocrx_word' id='word_1_10' title='bbox 976 606 1024 670; x_wconf 79' lang='lat' dir='ltr'>hoc</span> 
     </span>
     <span class='ocr_line' id='line_1_3' title="bbox 343 693 552 775; baseline -0.03 -17"><span class='ocrx_word' id='word_1_11' title='bbox 343 693 463 775; x_wconf 82' lang='lat' dir='ltr'>majoris</span> <span class='ocrx_word' id='word_1_12' title='bbox 475 709 552 752; x_wconf 79' lang='lat' dir='ltr'>artis</span> 
     </span>
    </p>

    <p class='ocr_par' dir='ltr' id='par_1_3' title="bbox 343 767 1066 1416">
     <span class='ocr_line' id='line_1_4' title="bbox 386 767 1025 856; baseline -0.002 -23"><span class='ocrx_word' id='word_1_13' title='bbox 386 793 436 856; x_wconf 90' lang='lat'>91.</span> <span class='ocrx_word' id='word_1_14' title='bbox 455 771 583 833; x_wconf 88' lang='lat' dir='ltr'>Uberius</span> <span class='ocrx_word' id='word_1_15' title='bbox 594 767 635 831; x_wconf 87' lang='lat' dir='ltr'>est</span> <span class='ocrx_word' id='word_1_16' title='bbox 648 769 745 842; x_wconf 83' lang='lat' dir='ltr'>aliud,</span> <span class='ocrx_word' id='word_1_17' title='bbox 762 769 1025 853; x_wconf 72' lang='lat' dir='ltr'>aliquantoquero·</span> 
     </span>
     <span class='ocr_line' id='line_1_5' title="bbox 343 851 1026 934; baseline -0.009 -17"><span class='ocrx_word' id='word_1_18' title='bbox 343 854 469 928; x_wconf 90' lang='lat' dir='ltr'>bustius‚</span> <span class='ocrx_word' id='word_1_19' title='bbox 487 852 575 934; x_wconf 70' lang='lat' dir='ltr'>quim</span> <span class='ocrx_word' id='word_1_20' title='bbox 585 851 643 913; x_wconf 91' lang='lat' dir='ltr'>hoc</span> <span class='ocrx_word' id='word_1_21' title='bbox 653 851 784 924; x_wconf 88' lang='lat' dir='ltr'><strong>humile,</strong></span> <span class='ocrx_word' id='word_1_22' title='bbox 799 852 838 911; x_wconf 88' lang='lat' dir='ltr'>de</span> <span class='ocrx_word' id='word_1_23' title='bbox 853 873 916 932; x_wconf 87' lang='lat' dir='ltr'>quo</span> <span class='ocrx_word' id='word_1_24' title='bbox 930 851 1026 912; x_wconf 70' lang='lat' dir='ltr'>diuum</span> 
     </span>
     <span class='ocr_line' id='line_1_6' title="bbox 344 930 1025 1012; baseline -0.009 -14"><span class='ocrx_word' id='word_1_25' title='bbox 344 936 386 998; x_wconf 90' lang='lat' dir='ltr'>est</span> <span class='ocrx_word' id='word_1_26' title='bbox 408 956 418 1010; x_wconf 91' lang='lat'>;</span> <span class='ocrx_word' id='word_1_27' title='bbox 443 933 616 994; x_wconf 86' lang='lat' dir='ltr'>summissius</span> <span class='ocrx_word' id='word_1_28' title='bbox 631 948 748 1004; x_wconf 86' lang='lat' dir='ltr'>autem,</span> <span class='ocrx_word' id='word_1_29' title='bbox 768 930 860 1012; x_wconf 71' lang='lat' dir='ltr'>quim</span> <span class='ocrx_word' id='word_1_30' title='bbox 880 933 975 1006; x_wconf 85' lang='lat' dir='ltr'>illud,</span> <span class='ocrx_word' id='word_1_31' title='bbox 996 933 1025 992; x_wconf 84' lang='lat' dir='ltr'>de</span> 
     </span>
     <span class='ocr_line' id='line_1_7' title="bbox 344 1012 1025 1099; baseline -0.006 -23"><span class='ocrx_word' id='word_1_32' title='bbox 344 1039 405 1099; x_wconf 82' lang='lat' dir='ltr'>quo</span> <span class='ocrx_word' id='word_1_33' title='bbox 427 1012 487 1094; x_wconf 74' lang='lat' dir='ltr'>jam</span> <span class='ocrx_word' id='word_1_34' title='bbox 505 1012 636 1087; x_wconf 75' lang='lat' dir='ltr'>dicetur,</span> <span class='ocrx_word' id='word_1_35' title='bbox 656 1012 881 1092; x_wconf 82' lang='lat' dir='ltr'>amplissimum.</span> <span class='ocrx_word' id='word_1_36' title='bbox 918 1013 1025 1072; x_wconf 87' lang='lat' dir='ltr'>Hocin</span> 
     </span>
     <span class='ocr_line' id='line_1_8' title="bbox 345 1091 1025 1180; baseline -0.004 -24"><span class='ocrx_word' id='word_1_37' title='bbox 345 1117 454 1180; x_wconf 78' lang='lat' dir='ltr'>genere</span> <span class='ocrx_word' id='word_1_38' title='bbox 464 1115 624 1155; x_wconf 86' lang='lat' dir='ltr'>nervorum</span> <span class='ocrx_word' id='word_1_39' title='bbox 634 1094 684 1153; x_wconf 88' lang='lat' dir='ltr'>vel</span> <span class='ocrx_word' id='word_1_40' title='bbox 697 1094 874 1166; x_wconf 74' lang='lat' dir='ltr'>minimum,</span> <span class='ocrx_word' id='word_1_41' title='bbox 890 1091 1025 1154; x_wconf 77' lang='lat' dir='ltr'>suavitatis</span> 
     </span>
     <span class='ocr_line' id='line_1_9' title="bbox 344 1171 1066 1256; baseline -0.008 -19"><span class='ocrx_word' id='word_1_42' title='bbox 344 1172 444 1237; x_wconf 77' lang='lat' dir='ltr'>autem</span> <span class='ocrx_word' id='word_1_43' title='bbox 454 1172 555 1236; x_wconf 66' lang='lat' dir='ltr'>estwel</span> <span class='ocrx_word' id='word_1_44' title='bbox 565 1175 731 1256; x_wconf 76' lang='lat' dir='ltr'>plurimum.</span> <span class='ocrx_word' id='word_1_45' title='bbox 754 1171 803 1232; x_wconf 86' lang='lat' dir='ltr'>Est</span> <span class='ocrx_word' id='word_1_46' title='bbox 813 1175 896 1234; x_wconf 87' lang='lat' dir='ltr'>enim</span> <span class='ocrx_word' id='word_1_47' title='bbox 905 1174 1026 1255; x_wconf 82' lang='lat' dir='ltr'>plenius,</span> <span class='ocrx_word' id='word_1_48' title='bbox 1064 1190 1066 1197; x_wconf 88' lang='lat'>·</span> 
     </span>
     <span class='ocr_line' id='line_1_10' title="bbox 344 1252 1027 1392; baseline -0.001 -76"><span class='ocrx_word' id='word_1_49' title='bbox 344 1256 433 1340; x_wconf 69' lang='lat' dir='ltr'>quim</span> <span class='ocrx_word' id='word_1_50' title='bbox 445 1255 504 1316; x_wconf 91' lang='lat' dir='ltr'>hoc</span> <span class='ocrx_word' id='word_1_51' title='bbox 517 1254 722 1316; x_wconf 83' lang='lat' dir='ltr'>enucleatum:</span> <span class='ocrx_word' id='word_1_52' title='bbox 742 1252 831 1392; x_wconf 71' lang='lat' dir='ltr'>quim</span> <span class='ocrx_word' id='word_1_53' title='bbox 849 1271 954 1315; x_wconf 87' lang='lat' dir='ltr'>autem</span> <span class='ocrx_word' id='word_1_54' title='bbox 965 1252 1027 1316; x_wconf 85' lang='lat' dir='ltr'>illud</span> 
     </span>
     <span class='ocr_line' id='line_1_11' title="bbox 345 1333 942 1416; baseline -0.003 -18"><span class='ocrx_word' id='word_1_55' title='bbox 345 1354 548 1408; x_wconf 81' lang='lat' dir='ltr'>ornatum‚co</span> <span class='ocrx_word' id='word_1_56' title='bbox 571 1333 738 1416; x_wconf 70' lang='lat' dir='ltr'>iusumque,</span> <span class='ocrx_word' id='word_1_57' title='bbox 763 1337 942 1396; x_wconf 84' lang='lat' dir='ltr'>ummissins.</span> 
     </span>
    </p>

    <p class='ocr_par' dir='ltr' id='par_1_4' title="bbox 342 1358 1029 1656">
     <span class='ocr_line' id='line_1_12' title="bbox 386 1358 1027 1478; baseline -0.003 -1"><span class='ocrx_word' id='word_1_58' title='bbox 386 1415 516 1477; x_wconf 86' lang='lat' dir='ltr'><strong>XXVII.</strong></span> <span class='ocrx_word' id='word_1_59' title='bbox 534 1358 611 1476; x_wconf 59' lang='lat' dir='ltr'>ifuic</span> <span class='ocrx_word' id='word_1_60' title='bbox 621 1418 720 1476; x_wconf 79' lang='lat' dir='ltr'>omnia</span> <span class='ocrx_word' id='word_1_61' title='bbox 731 1414 851 1475; x_wconf 88' lang='lat' dir='ltr'>dicendi</span> <span class='ocrx_word' id='word_1_62' title='bbox 861 1431 1027 1478; x_wconf 79' lang='lat' dir='ltr'>ornamenta</span> 
     </span>
     <span class='ocr_line' id='line_1_13' title="bbox 348 1494 1029 1634; baseline -0.001 -77"><span class='ocrx_word' id='word_1_63' title='bbox 348 1500 549 1569; x_wconf 85' lang='lat' dir='ltr'>conveniunt,</span> <span class='ocrx_word' id='word_1_64' title='bbox 571 1497 785 1634; x_wconf 74' lang='lat' dir='ltr'>plurimumque</span> <span class='ocrx_word' id='word_1_65' title='bbox 798 1494 840 1554; x_wconf 93' lang='lat' dir='ltr'>est</span> <span class='ocrx_word' id='word_1_66' title='bbox 857 1498 889 1556; x_wconf 88' lang='lat' dir='ltr'>in</span> <span class='ocrx_word' id='word_1_67' title='bbox 905 1496 962 1556; x_wconf 87' lang='lat' dir='ltr'>hac</span> <span class='ocrx_word' id='word_1_68' title='bbox 973 1519 1029 1556; x_wconf 82' lang='lat' dir='ltr'>orn·</span> 
     </span>
     <span class='ocr_line' id='line_1_14' title="bbox 342 1573 1025 1656; baseline -0.001 -18"><span class='ocrx_word' id='word_1_69' title='bbox 342 1573 540 1638; x_wconf 60' lang='lat' dir='ltr'>tionis&#39;forma</span> <span class='ocrx_word' id='word_1_70' title='bbox 555 1575 709 1637; x_wconf 83' lang='lat' dir='ltr'>suavitatis.</span> <span class='ocrx_word' id='word_1_71' title='bbox 757 1597 778 1635; x_wconf 88' lang='lat' dir='ltr'>n</span> <span class='ocrx_word' id='word_1_72' title='bbox 799 1595 859 1656; x_wconf 83' lang='lat' dir='ltr'>qna</span> <span class='ocrx_word' id='word_1_73' title='bbox 874 1577 962 1637; x_wconf 84' lang='lat' dir='ltr'>multi</span> <span class='ocrx_word' id='word_1_74' title='bbox 976 1579 1025 1637; x_wconf 85' lang='lat' dir='ltr'>flo-</span> 
     </span>
    </p>
   </div>
   <div class='ocr_carea' id='block_1_3' title="bbox 345 1651 1027 2059">
    <p class='ocr_par' dir='ltr' id='par_1_5' title="bbox 345 1651 1027 2059">
     <span class='ocr_line' id='line_1_15' title="bbox 345 1651 1027 1738; baseline -0.003 -18"><span class='ocrx_word' id='word_1_75' title='bbox 345 1676 464 1720; x_wconf 86' lang='lat' dir='ltr'>ruerunt</span> <span class='ocrx_word' id='word_1_76' title='bbox 475 1651 553 1738; x_wconf 77' lang='lat' dir='ltr'>apud</span> <span class='ocrx_word' id='word_1_77' title='bbox 562 1655 704 1718; x_wconf 86' lang='lat' dir='ltr'>Graecos:</span> <span class='ocrx_word' id='word_1_78' title='bbox 723 1653 775 1716; x_wconf 86' lang='lat' dir='ltr'>sed</span> <span class='ocrx_word' id='word_1_79' title='bbox 791 1654 954 1718; x_wconf 84' lang='lat' dir='ltr'>Phalereus</span> <span class='ocrx_word' id='word_1_80' title='bbox 967 1655 1027 1718; x_wconf 88' lang='lat' dir='ltr'>De·</span> 
     </span>
     <span class='ocr_line' id='line_1_16' title="bbox 345 1734 1025 1818; baseline 0 -20"><span class='ocrx_word' id='word_1_81' title='bbox 345 1741 465 1799; x_wconf 83' lang='lat' dir='ltr'>mettius</span> <span class='ocrx_word' id='word_1_82' title='bbox 472 1757 543 1798; x_wconf 87' lang='lat' dir='ltr'>meo</span> <span class='ocrx_word' id='word_1_83' title='bbox 552 1735 660 1814; x_wconf 87' lang='lat' dir='ltr'>judicio</span> <span class='ocrx_word' id='word_1_84' title='bbox 672 1734 800 1817; x_wconf 87' lang='lat' dir='ltr'>praestitit</span> <span class='ocrx_word' id='word_1_85' title='bbox 809 1739 939 1812; x_wconf 82' lang='lat' dir='ltr'>cereris3</span> <span class='ocrx_word' id='word_1_86' title='bbox 955 1737 1025 1818; x_wconf 85' lang='lat' dir='ltr'>cujus</span> 
     </span>
     <span class='ocr_line' id='line_1_17' title="bbox 345 1815 1026 1902; baseline 0.001 -23"><span class='ocrx_word' id='word_1_87' title='bbox 345 1822 442 1880; x_wconf 82' lang='lat' dir='ltr'>oratio</span> <span class='ocrx_word' id='word_1_88' title='bbox 458 1838 547 1899; x_wconf 86' lang='lat' dir='ltr'>quum</span> <span class='ocrx_word' id='word_1_89' title='bbox 560 1815 679 1891; x_wconf 70' lang='lat' dir='ltr'>sedate,</span> <span class='ocrx_word' id='word_1_90' title='bbox 695 1816 808 1896; x_wconf 65' lang='lat' dir='ltr'>placide</span> <span class='ocrx_word' id='word_1_91' title='bbox 853 1840 871 1880; x_wconf 86' lang='lat' dir='ltr'>e</span> <span class='ocrx_word' id='word_1_92' title='bbox 888 1819 1026 1902; x_wconf 82' lang='lat' dir='ltr'>loquitur,</span> 
     </span>
     <span class='ocr_line' id='line_1_18' title="bbox 345 1895 1027 1978; baseline 0.004 -20"><span class='ocrx_word' id='word_1_93' title='bbox 345 1918 408 1958; x_wconf 86' lang='lat' dir='ltr'>tum</span> <span class='ocrx_word' id='word_1_94' title='bbox 421 1897 560 1975; x_wconf 77' lang='lat' dir='ltr'>illustrant</span> <span class='ocrx_word' id='word_1_95' title='bbox 579 1918 664 1969; x_wconf 85' lang='lat' dir='ltr'>eam,</span> <span class='ocrx_word' id='word_1_96' title='bbox 683 1899 764 1978; x_wconf 88' lang='lat' dir='ltr'>quasi</span> <span class='ocrx_word' id='word_1_97' title='bbox 777 1895 817 1958; x_wconf 88' lang='lat' dir='ltr'>ste</span> <span class='ocrx_word' id='word_1_98' title='bbox 842 1922 867 1959; x_wconf 86' lang='lat' dir='ltr'>ae</span> <span class='ocrx_word' id='word_1_99' title='bbox 902 1901 1027 1972; x_wconf 67' lang='lat' dir='ltr'>uadum,</span> 
     </span>
     <span class='ocr_line' id='line_1_19' title="bbox 345 1922 901 2059; baseline 0.002 -20"><span class='ocrx_word' id='word_1_100' title='bbox 345 1979 448 2039; x_wconf 88' lang='lat' dir='ltr'>tralata</span> <span class='ocrx_word' id='word_1_101' title='bbox 458 1977 568 2052; x_wconf 82' lang='lat' dir='ltr'>verba,</span> <span class='ocrx_word' id='word_1_102' title='bbox 580 1994 668 2059; x_wconf 86' lang='lat' dir='ltr'>atque</span> <span class='ocrx_word' id='word_1_103' title='bbox 680 1980 843 2038; x_wconf 89' lang='lat' dir='ltr'>immutata.</span> <span class='ocrx_word' id='word_1_104' title='bbox 870 1922 901 2040; x_wconf 50' lang='lat' dir='ltr'>&#39;l‘i</span> 
     </span>
    </p>
   </div>
   <div class='ocr_carea' id='block_1_4' title="bbox 343 1981 1032 3116">
    <p class='ocr_par' dir='ltr' id='par_1_6' title="bbox 343 1981 1032 3116">
     <span class='ocr_line' id='line_1_20' title="bbox 901 1981 1028 2042; baseline 0.016 -2"><span class='ocrx_word' id='word_1_105' title='bbox 901 1981 1028 2042; x_wconf 75' lang='lat' dir='ltr'>ralaraea</span> 
     </span>
     <span class='ocr_line' id='line_1_21' title="bbox 345 2056 1027 2140; baseline 0.004 -20"><span class='ocrx_word' id='word_1_106' title='bbox 345 2060 433 2132; x_wconf 88' lang='lat' dir='ltr'>dico,</span> <span class='ocrx_word' id='word_1_107' title='bbox 448 2076 481 2118; x_wconf 92' lang='lat' dir='ltr'>ut</span> <span class='ocrx_word' id='word_1_108' title='bbox 490 2057 565 2139; x_wconf 87' lang='lat' dir='ltr'>saepe</span> <span class='ocrx_word' id='word_1_109' title='bbox 574 2056 655 2138; x_wconf 81' lang='lat' dir='ltr'>jam,</span> <span class='ocrx_word' id='word_1_110' title='bbox 674 2080 738 2139; x_wconf 82' lang='lat' dir='ltr'>quae</span> <span class='ocrx_word' id='word_1_111' title='bbox 752 2079 806 2140; x_wconf 85' lang='lat' dir='ltr'>per</span> <span class='ocrx_word' id='word_1_112' title='bbox 814 2061 1027 2123; x_wconf 83' lang='lat' dir='ltr'>similitudinem</span> 
     </span>
     <span class='ocr_line' id='line_1_22' title="bbox 344 2137 1026 2223; baseline 0.003 -21"><span class='ocrx_word' id='word_1_113' title='bbox 344 2141 381 2201; x_wconf 83' lang='lat' dir='ltr'>ab</span> <span class='ocrx_word' id='word_1_114' title='bbox 391 2142 445 2202; x_wconf 84' lang='lat' dir='ltr'>alia</span> <span class='ocrx_word' id='word_1_115' title='bbox 456 2159 507 2214; x_wconf 83' lang='lat' dir='ltr'>re,</span> <span class='ocrx_word' id='word_1_116' title='bbox 524 2156 573 2198; x_wconf 84' lang='lat' dir='ltr'>aut</span> <span class='ocrx_word' id='word_1_117' title='bbox 588 2137 734 2213; x_wconf 76' lang='lat' dir='ltr'>suavitatis</span> <span class='ocrx_word' id='word_1_118' title='bbox 746 2157 796 2199; x_wconf 87' lang='lat' dir='ltr'>aut</span> <span class='ocrx_word' id='word_1_119' title='bbox 808 2142 922 2223; x_wconf 82' lang='lat' dir='ltr'>inopiae</span> <span class='ocrx_word' id='word_1_120' title='bbox 934 2142 1026 2216; x_wconf 62' lang='lat' dir='ltr'>caui,</span> 
     </span>
     <span class='ocr_line' id='line_1_23' title="bbox 343 2220 1026 2304; baseline 0.001 -22"><span class='ocrx_word' id='word_1_121' title='bbox 343 2220 569 2282; x_wconf 85' lang='lat' dir='ltr'>transferuntur:</span> <span class='ocrx_word' id='word_1_122' title='bbox 582 2237 707 2294; x_wconf 84' lang='lat' dir='ltr'>mutata,</span> <span class='ocrx_word' id='word_1_123' title='bbox 721 2223 751 2281; x_wconf 90' lang='lat' dir='ltr'>in</span> <span class='ocrx_word' id='word_1_124' title='bbox 760 2221 865 2302; x_wconf 90' lang='lat' dir='ltr'>quibus</span> <span class='ocrx_word' id='word_1_125' title='bbox 874 2245 933 2304; x_wconf 87' lang='lat' dir='ltr'>pro</span> <span class='ocrx_word' id='word_1_126' title='bbox 941 2225 1026 2286; x_wconf 84' lang='lat' dir='ltr'>verbo</span> 
     </span>
     <span class='ocr_line' id='line_1_24' title="bbox 343 2298 1028 2388; baseline 0.004 -26"><span class='ocrx_word' id='word_1_127' title='bbox 343 2304 465 2385; x_wconf 87' lang='lat' dir='ltr'>proprio</span> <span class='ocrx_word' id='word_1_128' title='bbox 475 2298 620 2380; x_wconf 80' lang='lat' dir='ltr'>subjicitur</span> <span class='ocrx_word' id='word_1_129' title='bbox 629 2301 724 2374; x_wconf 87' lang='lat' dir='ltr'>aliud,</span> <span class='ocrx_word' id='word_1_130' title='bbox 744 2302 827 2384; x_wconf 90' lang='lat' dir='ltr'>quod</span> <span class='ocrx_word' id='word_1_131' title='bbox 836 2303 920 2364; x_wconf 87' lang='lat' dir='ltr'>idem</span> <span class='ocrx_word' id='word_1_132' title='bbox 928 2302 1028 2388; x_wconf 88' lang='lat' dir='ltr'>signifi·</span> 
     </span>
     <span class='ocr_line' id='line_1_25' title="bbox 344 2381 977 2467; baseline 0.006 -24"><span class='ocrx_word' id='word_1_133' title='bbox 344 2401 410 2456; x_wconf 79' lang='lat' dir='ltr'>eet,</span> <span class='ocrx_word' id='word_1_134' title='bbox 427 2382 659 2462; x_wconf 81' lang='lat' dir='ltr'>sumptumexre</span> <span class='ocrx_word' id='word_1_135' title='bbox 669 2381 764 2464; x_wconf 79' lang='lat' dir='ltr'>aliqua</span> <span class='ocrx_word' id='word_1_136' title='bbox 774 2384 977 2467; x_wconf 86' lang='lat' dir='ltr'>consequenti.</span> 
     </span>
     <span class='ocr_line' id='line_1_26' title="bbox 386 2462 1026 2544; baseline 0.009 -25"><span class='ocrx_word' id='word_1_137' title='bbox 386 2481 436 2542; x_wconf 78' lang='lat'>93.</span> <span class='ocrx_word' id='word_1_138' title='bbox 455 2462 551 2541; x_wconf 86' lang='lat' dir='ltr'>Quod</span> <span class='ocrx_word' id='word_1_139' title='bbox 564 2484 740 2544; x_wconf 85' lang='lat' dir='ltr'>quamquam</span> <span class='ocrx_word' id='word_1_140' title='bbox 756 2465 967 2528; x_wconf 88' lang='lat' dir='ltr'>transferendo</span> <span class='ocrx_word' id='word_1_141' title='bbox 981 2465 1026 2539; x_wconf 87' lang='lat' dir='ltr'>fit,</span> 
     </span>
     <span class='ocr_line' id='line_1_27' title="bbox 344 2541 1027 2627; baseline 0.003 -24"><span class='ocrx_word' id='word_1_142' title='bbox 344 2560 444 2603; x_wconf 80' lang='lat' dir='ltr'>tamen</span> <span class='ocrx_word' id='word_1_143' title='bbox 465 2543 523 2602; x_wconf 82' lang='lat' dir='ltr'>alio</span> <span class='ocrx_word' id='word_1_144' title='bbox 546 2544 641 2602; x_wconf 92' lang='lat' dir='ltr'>modo</span> <span class='ocrx_word' id='word_1_145' title='bbox 661 2541 820 2619; x_wconf 84' lang='lat' dir='ltr'>transtulit,</span> <span class='ocrx_word' id='word_1_146' title='bbox 851 2568 947 2627; x_wconf 91' lang='lat' dir='ltr'>quum</span> <span class='ocrx_word' id='word_1_147' title='bbox 965 2549 1027 2607; x_wconf 84' lang='lat' dir='ltr'>dixit</span> 
     </span>
     <span class='ocr_line' id='line_1_28' title="bbox 346 2618 1029 2700; baseline 0.009 -17"><span class='ocrx_word' id='word_1_148' title='bbox 346 2618 473 2695; x_wconf 85' lang='lat' dir='ltr'>Ennius,</span> <span class='ocrx_word' id='word_1_149' title='bbox 487 2644 575 2681; x_wconf 78' lang='lat' dir='ltr'>arcem</span> <span class='ocrx_word' id='word_1_150' title='bbox 586 2625 614 2683; x_wconf 70' lang='lat' dir='ltr'>o</span> <span class='ocrx_word' id='word_1_151' title='bbox 627 2624 720 2684; x_wconf 82' lang='lat' dir='ltr'>urbem</span> <span class='ocrx_word' id='word_1_152' title='bbox 732 2625 834 2686; x_wconf 82' lang='lat' dir='ltr'>orbas:</span> <span class='ocrx_word' id='word_1_153' title='bbox 850 2627 910 2687; x_wconf 85' lang='lat' dir='ltr'>alio</span> <span class='ocrx_word' id='word_1_154' title='bbox 926 2630 1029 2700; x_wconf 84' lang='lat' dir='ltr'>modu,</span> 
     </span>
     <span class='ocr_line' id='line_1_29' title="bbox 345 2702 1029 2783; baseline 0.006 -20"><span class='ocrx_word' id='word_1_155' title='bbox 345 2705 369 2763; x_wconf 90' lang='lat' dir='ltr'>si</span> <span class='ocrx_word' id='word_1_156' title='bbox 383 2725 437 2782; x_wconf 90' lang='lat' dir='ltr'>pro</span> <span class='ocrx_word' id='word_1_157' title='bbox 451 2702 544 2783; x_wconf 82' lang='lat' dir='ltr'>patria</span> <span class='ocrx_word' id='word_1_158' title='bbox 560 2724 658 2764; x_wconf 86' lang='lat' dir='ltr'>arcem</span> <span class='ocrx_word' id='word_1_159' title='bbox 681 2702 791 2765; x_wconf 76' lang='lat' dir='ltr'>dixisset</span> <span class='ocrx_word' id='word_1_160' title='bbox 807 2727 813 2764; x_wconf 94' lang='lat'><strong>:</strong></span> <span class='ocrx_word' id='word_1_161' title='bbox 840 2707 874 2766; x_wconf 90' lang='lat'>&amp;</span> <span class='ocrx_word' id='word_1_162' title='bbox 896 2711 1029 2770; x_wconf 79' lang='lat' dir='ltr'>horridam</span> 
     </span>
     <span class='ocr_line' id='line_1_30' title="bbox 346 2782 1030 2868; baseline 0.003 -22"><span class='ocrx_word' id='word_1_163' title='bbox 346 2782 475 2864; x_wconf 76' lang='lat' dir='ltr'>Africam</span> <span class='ocrx_word' id='word_1_164' title='bbox 483 2783 597 2844; x_wconf 61' lang='lat' dir='ltr'>terribile·</span> <span class='ocrx_word' id='word_1_165' title='bbox 604 2803 710 2844; x_wconf 82' lang='lat' dir='ltr'>tremere</span> <span class='ocrx_word' id='word_1_166' title='bbox 721 2788 840 2846; x_wconf 81' lang='lat' dir='ltr'>tumultu</span> <span class='ocrx_word' id='word_1_167' title='bbox 850 2809 944 2868; x_wconf 92' lang='lat' dir='ltr'>quum</span> <span class='ocrx_word' id='word_1_168' title='bbox 957 2792 1030 2862; x_wconf 86' lang='lat' dir='ltr'>dicit,</span> 
     </span>
     <span class='ocr_line' id='line_1_31' title="bbox 346 2863 1032 2953; baseline 0.01 -29"><span class='ocrx_word' id='word_1_169' title='bbox 346 2863 490 2946; x_wconf 85' lang='lat' dir='ltr'>ptoAfris</span> <span class='ocrx_word' id='word_1_170' title='bbox 500 2866 634 2925; x_wconf 87' lang='lat' dir='ltr'>immutat</span> <span class='ocrx_word' id='word_1_171' title='bbox 643 2865 784 2925; x_wconf 86' lang='lat' dir='ltr'>Africam.</span> <span class='ocrx_word' id='word_1_172' title='bbox 803 2867 1032 2953; x_wconf 82' lang='lat' dir='ltr'>Hanchypalla·</span> 
     </span>
     <span class='ocr_line' id='line_1_32' title="bbox 348 2946 1032 3028; baseline 0.012 -23"><span class='ocrx_word' id='word_1_173' title='bbox 348 2968 406 3028; x_wconf 83' lang='lat' dir='ltr'>gen</span> <span class='ocrx_word' id='word_1_174' title='bbox 430 2946 590 3019; x_wconf 87' lang='lat' dir='ltr'>rhetores,</span> <span class='ocrx_word' id='word_1_175' title='bbox 620 2949 686 3027; x_wconf 84' lang='lat' dir='ltr'>quia</span> <span class='ocrx_word' id='word_1_176' title='bbox 714 2948 795 3026; x_wconf 83' lang='lat' dir='ltr'>quasi</span> <span class='ocrx_word' id='word_1_177' title='bbox 823 2947 1032 3012; x_wconf 83' lang='lat' dir='ltr'>summutantur</span> 
     </span>
     <span class='ocr_line' id='line_1_33' title="bbox 346 3026 1032 3116; baseline 0.016 -32"><span class='ocrx_word' id='word_1_178' title='bbox 346 3028 437 3103; x_wconf 84' lang='lat' dir='ltr'>verba</span> <span class='ocrx_word' id='word_1_179' title='bbox 461 3049 516 3107; x_wconf 87' lang='lat' dir='ltr'>pro</span> <span class='ocrx_word' id='word_1_180' title='bbox 540 3026 659 3087; x_wconf 87' lang='lat' dir='ltr'>verbis:</span> <span class='ocrx_word' id='word_1_181' title='bbox 692 3033 912 3109; x_wconf 76' lang='lat' dir='ltr'>metonymiam</span> <span class='ocrx_word' id='word_1_182' title='bbox 938 3055 1032 3116; x_wconf 83' lang='lat' dir='ltr'>gram·</span> 
     </span>
    </p>
   </div>
   <div class='ocr_carea' id='block_1_5' title="bbox 0 0 1213 4067">
    <p class='ocr_par' dir='ltr' id='par_1_7' title="bbox 0 0 1213 4067">
     <span class='ocr_line' id='line_1_34' title="bbox 0 0 1213 4067; baseline 0 0"><span class='ocrx_word' id='word_1_183' title='bbox 0 0 1213 4067; x_wconf 95' lang='lat' dir='ltr'> </span> 
     </span>
    </p>
   </div>
  </div>
 </body>
</html>
