2400 4067
455 717 750 790 Orneon.
865 736 942 812 545

256 831 391 916 pnfircill
410 836 547 905 Deliaco,
562 853 613 893 aut
622 838 693 912 Syro
705 830 821 914 poturffe
827 833 944 915 fiapera·

258 921 293 978 ri.
317 917 373 977 Fac
383 918 440 989 ita,
453 913 741 996 potuiffeficpemriab
754 916 848 992 aliquo
857 918 944 995 Syro,

257 1014 310 1056 aut
323 996 456 1057 Deliaco.

302 1094 370 1156 233.
386 1073 531 1148 Videsne,
544 1090 576 1134 ut
585 1073 689 1135 ordine
702 1074 861 1135 verborum
871 1095 945 1155 pau·

258 1156 321 1218 iiim
343 1171 550 1229 commutato,
574 1153 676 1216 iisdem
696 1156 794 1216 verbis
815 1200 826 1228 ‚
851 1153 942 1218 stante

257 1235 399 1298 sententid
418 1283 431 1309 ,
456 1237 494 1297 ad
520 1236 640 1295 nihilum
668 1238 769 1295 omnia
792 1235 944 1311 recidant,

258 1338 349 1399 quum
375 1320 430 1378 sint
449 1337 487 1378 ex
509 1319 580 1397 aptis
599 1313 751 1376 dilloiuta?
776 1333 825 1376 aut
843 1319 868 1376 si
885 1317 942 1379 ali-

259 1395 340 1476 cujus
357 1397 498 1459 inconditi
512 1399 629 1477 arripias
638 1396 803 1476 dissipatam
816 1396 942 1479 aliquam

257 1476 455 1551 sententiam,
481 1497 625 1558 eamque,
651 1477 754 1536 ordine
781 1478 941 1539 verborum

257 1560 377 1640 pauliani
391 1575 591 1631 commutato,
607 1557 638 1616 in
654 1557 794 1638 quadrum
808 1558 941 1639 redigas,

258 1638 398 1700 efficiatur
419 1655 521 1720 aptum
543 1636 633 1711 illud,
654 1637 735 1718 quod
751 1636 837 1697 fuerit
854 1654 941 1702 antea

258 1717 407 1792 diffluens,
420 1741 455 1779 ac
470 1717 604 1780 solutum.
615 1716 789 1800 Age,snme
801 1717 838 1783 de
851 1716 943 1792 Grac,-

258 1801 306 1867 chi
316 1798 393 1880 apud
407 1797 539 1861 censores
549 1798 639 1858 illud:
660 1797 756 1876 Abeffe
769 1820 830 1865 non,
836 1803 921 1880 potest
928 1844 940 1873 ,

258 1882 326 1962 quin
348 1877 463 1959 ejusdem
481 1881 597 1942 dominis
613 1882 670 1950 sit,
690 1879 789 1958 probos
805 1881 944 1960 inproba·

257 1983 305 2032 re,
318 1963 365 2040 qui
379 1962 513 2039 improbos
525 1959 630 2040 prober.
655 1957 777 2037 Quanto
789 1962 900 2041 antiis,
915 1965 940 2025 si

258 2043 300 2102 ita
315 2038 442 2114 distillet,
466 2043 533 2120 quin
552 2037 667 2118 ejusdem
678 2040 802 2107 *hominis
817 2043 876 2116 sit,
892 2044 942 2122 qul

256 2123 393 2202 improbos
412 2124 527 2202 probet,
547 2121 649 2201 probos
668 2120 847 2200 improbare?
870 2122 940 2187 Hoc

256 2200 351 2263 modo
369 2201 464 2262 dicere
482 2221 571 2262 nerno
589 2221 726 2280 umquam
745 2199 859 2274 noluit3
883 2223 940 2265 ne·

255 2302 368 2363 moque
389 2284 501 2363 potuit,
528 2283 597 2362 quin
609 2280 730 2347 dixerit.
757 2279 822 2359 Qui
841 2300 941 2347 autent

254 2362 497 2436 aliterdixenrnt,
512 2357 685 2442 hocatieqni
694 2381 756 2425 non
786 2378 938 2427 otueruntt

254 2447 297 2506 ita
317 2442 383 2507 fadi
404 2442 466 2507 sunt
488 2440 609 2520 repenti
630 2438 731 2509 Attici.
760 2383 854 2521 &uati
866 2445 941 2509 verli

255 2523 418 2591 Trallianus
427 2523 514 2585 fuerit
527 2519 763 2587 Demosthenes:
781 2519 862 2600 cujus
876 2544 938 2587 non

254 2622 319 2673 tatn
342 2604 489 2667 vibrarent
510 2601 630 2667 fulrnina
648 2600 716 2672 illa,
739 2603 794 2661 nisi
812 2605 941 2666 nunerio

253 2701 393 2752 contorta
408 2683 559 2748 ferrentur.

298 2762 408 2825 LXXI.
429 2762 487 2827 sed
506 2765 530 2823 si
545 2783 618 2843 quos
633 2764 725 2845 magis
734 2760 878 2823 deledlant
888 2761 940 2824 so-

254 2847 336 2918 luta,
363 2843 516 2923 sequantur
537 2863 572 2906 ea
595 2842 683 2917 sane,
707 2844 796 2906 nodo
822 2847 880 2917 sic,
906 2863 938 2907 ut

253 2928 318 3006 quis
336 2924 443 2984 Phidiae
458 2924 596 3002 clypeum
614 2921 788 2994 dissolverit,
808 2926 937 2984 colloca-

253 3005 343 3069 tionis
366 3003 526 3063 universam
547 3003 671 3080 speeiem
690 3002 847 3075 sustulerit,
876 3027 937 3064 non

254 3089 299 3150 sin
320 3083 562 3159 nlorumoperum
573 3081 767 3140 venustatem:
782 3100 812 3141 ut
822 3082 938 3142 inThu·

253 3103 385 3242 tydide,
405 3163 507 3223 orbern
525 3160 615 3219 modo
631 3165 769 3223 orationis
779 3163 939 3238 desidero,

255 3260 428 3309 ornamenta
445 3258 627 3322 comparentt
