<?xml version="1.0" encoding="UTF-8"?>
<!DOCTYPE html PUBLIC "-//W3C//DTD XHTML 1.0 Transitional//EN"
    "http://www.w3.org/TR/xhtml1/DTD/xhtml1-transitional.dtd">
<html xmlns="http://www.w3.org/1999/xhtml" xml:lang="en" lang="en">
 <head>
  <title>
</title>
<meta http-equiv="Content-Type" content="text/html;charset=utf-8" />
  <meta name='ocr-system' content='tesseract 3.04.00' />
  <meta name='ocr-capabilities' content='ocr_page ocr_carea ocr_par ocr_line ocrx_word'/>
</head>
<body>
  <div class='ocr_page' id='page_1' title='image "./mtulliiciceroni01lallgoog_0350.png"; bbox 0 0 2400 4067; ppageno 0'>
   <div class='ocr_carea' id='block_1_1' title="bbox 252 475 891 575">
    <p class='ocr_par' dir='ltr' id='par_1_1' title="bbox 252 475 891 575">
     <span class='ocr_line' id='line_1_1' title="bbox 252 475 891 575; baseline -0.003 -28"><span class='ocrx_word' id='word_1_1' title='bbox 252 475 328 575; x_wconf 79' lang='lat'>338</span> <span class='ocrx_word' id='word_1_2' title='bbox 402 475 793 547; x_wconf 67' lang='lat' dir='ltr'>Prnrmorrs</span> <span class='ocrx_word' id='word_1_3' title='bbox 888 514 891 521; x_wconf 67' lang='lat'>,</span> 
     </span>
    </p>
   </div>
   <div class='ocr_carea' id='block_1_2' title="bbox 184 589 940 3082">
    <p class='ocr_par' dir='ltr' id='par_1_2' title="bbox 199 589 940 1462">
     <span class='ocr_line' id='line_1_2' title="bbox 252 589 940 676; baseline -0.004 -21"><span class='ocrx_word' id='word_1_4' title='bbox 252 596 334 656; x_wconf 84' lang='lat' dir='ltr'>miun</span> <span class='ocrx_word' id='word_1_5' title='bbox 341 595 372 653; x_wconf 86' lang='lat' dir='ltr'>in</span> <span class='ocrx_word' id='word_1_6' title='bbox 380 591 470 676; x_wconf 79' lang='lat' dir='ltr'>ipsam</span> <span class='ocrx_word' id='word_1_7' title='bbox 481 594 543 654; x_wconf 84' lang='lat' dir='ltr'>vim</span> <span class='ocrx_word' id='word_1_8' title='bbox 555 592 695 664; x_wconf 83' lang='lat' dir='ltr'>oratoris,</span> <span class='ocrx_word' id='word_1_9' title='bbox 709 589 817 652; x_wconf 89' lang='lat' dir='ltr'>deinde</span> <span class='ocrx_word' id='word_1_10' title='bbox 827 589 862 650; x_wconf 87' lang='lat' dir='ltr'>in</span> <span class='ocrx_word' id='word_1_11' title='bbox 872 612 940 652; x_wconf 79' lang='lat' dir='ltr'>ora-</span> 
     </span>
     <span class='ocr_line' id='line_1_3' title="bbox 251 668 938 752; baseline -0.001 -17"><span class='ocrx_word' id='word_1_12' title='bbox 251 671 385 748; x_wconf 80' lang='lat' dir='ltr'>tionem,</span> <span class='ocrx_word' id='word_1_13' title='bbox 406 668 719 752; x_wconf 82' lang='lat' dir='ltr'>tuminquaestiouern.</span> <span class='ocrx_word' id='word_1_14' title='bbox 749 671 881 733; x_wconf 79' lang='lat' dir='ltr'>qus.</span> <span class='ocrx_word' id='word_1_15' title='bbox 903 672 938 735; x_wconf 88' lang='lat' dir='ltr'>ln</span> 
     </span>
     <span class='ocr_line' id='line_1_4' title="bbox 199 751 937 836; baseline 0.004 -25"><span class='ocrx_word' id='word_1_16' title='bbox 199 804 203 811; x_wconf 92' lang='lat'>.</span> <span class='ocrx_word' id='word_1_17' title='bbox 252 776 313 836; x_wconf 89' lang='lat' dir='ltr'>quo</span> <span class='ocrx_word' id='word_1_18' title='bbox 326 752 367 816; x_wconf 87' lang='lat' dir='ltr'>est</span> <span class='ocrx_word' id='word_1_19' title='bbox 379 754 439 836; x_wconf 79' lang='lat' dir='ltr'>ipsa</span> <span class='ocrx_word' id='word_1_20' title='bbox 454 752 519 814; x_wconf 82' lang='lat' dir='ltr'>vis?</span> <span class='ocrx_word' id='word_1_21' title='bbox 538 751 659 812; x_wconf 57' lang='lat' dir='ltr'>Paruit·</span> <span class='ocrx_word' id='word_1_22' title='bbox 678 751 713 811; x_wconf 89' lang='lat' dir='ltr'>ln</span> <span class='ocrx_word' id='word_1_23' title='bbox 725 751 812 813; x_wconf 79' lang='lat' dir='ltr'>rebus</span> <span class='ocrx_word' id='word_1_24' title='bbox 827 753 860 814; x_wconf 73' lang='grc' dir='ltr'>ὅ(</span> <span class='ocrx_word' id='word_1_25' title='bbox 870 775 937 814; x_wconf 89' lang='lat' dir='ltr'>ver·</span> 
     </span>
     <span class='ocr_line' id='line_1_5' title="bbox 251 832 935 911; baseline 0 -15"><span class='ocrx_word' id='word_1_26' title='bbox 251 836 306 896; x_wconf 79' lang='lat' dir='ltr'>bis.</span> <span class='ocrx_word' id='word_1_27' title='bbox 333 834 394 896; x_wconf 86' lang='lat' dir='ltr'>Sed</span> <span class='ocrx_word' id='word_1_28' title='bbox 412 836 510 895; x_wconf 83' lang='lat' dir='ltr'>&amp;res</span> <span class='ocrx_word' id='word_1_29' title='bbox 530 833 665 895; x_wconf 82' lang='lat' dir='ltr'>&amp;verba</span> <span class='ocrx_word' id='word_1_30' title='bbox 676 832 856 911; x_wconf 75' lang='lat' dir='ltr'>invenienda</span> <span class='ocrx_word' id='word_1_31' title='bbox 873 833 935 896; x_wconf 68' lang='lat' dir='ltr'>sunt</span> 
     </span>
     <span class='ocr_line' id='line_1_6' title="bbox 253 913 935 994; baseline -0.003 -18"><span class='ocrx_word' id='word_1_32' title='bbox 253 917 287 976; x_wconf 90' lang='lat'>&amp;</span> <span class='ocrx_word' id='word_1_33' title='bbox 302 916 484 977; x_wconf 82' lang='lat' dir='ltr'>collocanda.</span> <span class='ocrx_word' id='word_1_34' title='bbox 504 913 624 994; x_wconf 72' lang='lat' dir='ltr'>Proprie</span> <span class='ocrx_word' id='word_1_35' title='bbox 638 932 736 973; x_wconf 87' lang='lat' dir='ltr'>autem</span> <span class='ocrx_word' id='word_1_36' title='bbox 746 916 777 972; x_wconf 91' lang='lat' dir='ltr'>in</span> <span class='ocrx_word' id='word_1_37' title='bbox 787 915 875 975; x_wconf 85' lang='lat' dir='ltr'>rebus</span> <span class='ocrx_word' id='word_1_38' title='bbox 889 919 935 974; x_wconf 90' lang='lat' dir='ltr'>in-</span> 
     </span>
     <span class='ocr_line' id='line_1_7' title="bbox 250 993 934 1076; baseline 0 -19"><span class='ocrx_word' id='word_1_39' title='bbox 250 999 370 1071; x_wconf 81' lang='lat' dir='ltr'>venire,</span> <span class='ocrx_word' id='word_1_40' title='bbox 383 1000 413 1056; x_wconf 87' lang='lat' dir='ltr'>iu</span> <span class='ocrx_word' id='word_1_41' title='bbox 422 997 520 1059; x_wconf 79' lang='lat' dir='ltr'>verbis</span> <span class='ocrx_word' id='word_1_42' title='bbox 530 996 630 1076; x_wconf 89' lang='lat' dir='ltr'>eloqui</span> <span class='ocrx_word' id='word_1_43' title='bbox 639 994 751 1054; x_wconf 87' lang='lat' dir='ltr'>dicitur.</span> <span class='ocrx_word' id='word_1_44' title='bbox 773 993 934 1057; x_wconf 85' lang='lat' dir='ltr'>Collocare</span> 
     </span>
     <span class='ocr_line' id='line_1_8' title="bbox 250 1075 934 1151; baseline 0 -13"><span class='ocrx_word' id='word_1_45' title='bbox 250 1095 364 1151; x_wconf 83' lang='lat' dir='ltr'>autem,</span> <span class='ocrx_word' id='word_1_46' title='bbox 379 1081 432 1137; x_wconf 89' lang='lat' dir='ltr'>etsi</span> <span class='ocrx_word' id='word_1_47' title='bbox 445 1075 486 1138; x_wconf 87' lang='lat' dir='ltr'>est</span> <span class='ocrx_word' id='word_1_48' title='bbox 499 1096 675 1151; x_wconf 83' lang='lat' dir='ltr'>commune,</span> <span class='ocrx_word' id='word_1_49' title='bbox 688 1092 788 1135; x_wconf 84' lang='lat' dir='ltr'>tamen</span> <span class='ocrx_word' id='word_1_50' title='bbox 801 1077 840 1136; x_wconf 89' lang='lat' dir='ltr'>ad</span> <span class='ocrx_word' id='word_1_51' title='bbox 851 1078 934 1138; x_wconf 86' lang='lat' dir='ltr'>inve·</span> 
     </span>
     <span class='ocr_line' id='line_1_9' title="bbox 228 1155 931 1232; baseline -0.003 -14"><span class='ocrx_word' id='word_1_52' title='bbox 228 1220 230 1227; x_wconf 65' lang='grc'>,</span> <span class='ocrx_word' id='word_1_53' title='bbox 251 1158 390 1218; x_wconf 87' lang='lat' dir='ltr'>niendum</span> <span class='ocrx_word' id='word_1_54' title='bbox 410 1157 542 1218; x_wconf 85' lang='lat' dir='ltr'>refertur.</span> <span class='ocrx_word' id='word_1_55' title='bbox 569 1155 656 1230; x_wconf 82' lang='lat' dir='ltr'>Vox,</span> <span class='ocrx_word' id='word_1_56' title='bbox 677 1172 796 1229; x_wconf 89' lang='lat' dir='ltr'>motus,</span> <span class='ocrx_word' id='word_1_57' title='bbox 818 1158 931 1232; x_wconf 89' lang='lat' dir='ltr'>vultus,</span> 
     </span>
     <span class='ocr_line' id='line_1_10' title="bbox 220 1236 932 1318; baseline -0.003 -20"><span class='ocrx_word' id='word_1_58' title='bbox 220 1289 222 1291; x_wconf 59' lang='grc'><strong>,</strong></span> <span class='ocrx_word' id='word_1_59' title='bbox 251 1256 338 1318; x_wconf 87' lang='lat' dir='ltr'>atque</span> <span class='ocrx_word' id='word_1_60' title='bbox 359 1240 454 1298; x_wconf 88' lang='lat' dir='ltr'>omnis</span> <span class='ocrx_word' id='word_1_61' title='bbox 471 1237 564 1311; x_wconf 66' lang='lat' dir='ltr'>aelio,</span> <span class='ocrx_word' id='word_1_62' title='bbox 583 1237 742 1318; x_wconf 90' lang='lat' dir='ltr'>eloquendi</span> <span class='ocrx_word' id='word_1_63' title='bbox 756 1258 859 1298; x_wconf 86' lang='lat' dir='ltr'>comes</span> <span class='ocrx_word' id='word_1_64' title='bbox 875 1236 932 1312; x_wconf 87' lang='lat' dir='ltr'>est,</span> 
     </span>
     <span class='ocr_line' id='line_1_11' title="bbox 213 1315 933 1401; baseline 0 -21"><span class='ocrx_word' id='word_1_65' title='bbox 213 1391 216 1398; x_wconf 33' lang='lat'><strong><em>¹</em></strong></span> <span class='ocrx_word' id='word_1_66' title='bbox 249 1339 409 1401; x_wconf 83' lang='lat' dir='ltr'>earumque</span> <span class='ocrx_word' id='word_1_67' title='bbox 428 1339 526 1379; x_wconf 85' lang='lat' dir='ltr'>rerum</span> <span class='ocrx_word' id='word_1_68' title='bbox 546 1319 677 1378; x_wconf 84' lang='lat' dir='ltr'>omnium</span> <span class='ocrx_word' id='word_1_69' title='bbox 696 1315 791 1379; x_wconf 86' lang='lat' dir='ltr'>custos</span> <span class='ocrx_word' id='word_1_70' title='bbox 809 1316 852 1380; x_wconf 83' lang='lat' dir='ltr'>est</span> <span class='ocrx_word' id='word_1_71' title='bbox 868 1340 933 1380; x_wconf 90' lang='lat' dir='ltr'>me-</span> 
     </span>
     <span class='ocr_line' id='line_1_12' title="bbox 250 1422 755 1462; baseline 0.002 -1"><span class='ocrx_word' id='word_1_72' title='bbox 250 1422 354 1461; x_wconf 79' lang='lat' dir='ltr'>moria.</span> <span class='ocrx_word' id='word_1_73' title='bbox 752 1457 755 1462; x_wconf 91' lang='lat'>.</span> 
     </span>
    </p>

    <p class='ocr_par' dir='ltr' id='par_1_3' title="bbox 292 1477 931 1562">
     <span class='ocr_line' id='line_1_13' title="bbox 292 1477 931 1562; baseline 0.002 -21"><span class='ocrx_word' id='word_1_74' title='bbox 292 1481 466 1556; x_wconf 73' lang='lat' dir='ltr'>4.F11.1u5.</span> <span class='ocrx_word' id='word_1_75' title='bbox 488 1477 592 1559; x_wconf 80' lang='lat' dir='ltr'>Quid?</span> <span class='ocrx_word' id='word_1_76' title='bbox 612 1481 751 1542; x_wconf 87' lang='lat' dir='ltr'>orationis</span> <span class='ocrx_word' id='word_1_77' title='bbox 774 1497 848 1562; x_wconf 89' lang='lat' dir='ltr'>quot</span> <span class='ocrx_word' id='word_1_78' title='bbox 870 1480 931 1542; x_wconf 80' lang='lat' dir='ltr'>sunt</span> 
     </span>
    </p>

    <p class='ocr_par' dir='ltr' id='par_1_4' title="bbox 249 1559 933 1886">
     <span class='ocr_line' id='line_1_14' title="bbox 273 1559 933 1640; baseline 0 -18"><span class='ocrx_word' id='word_1_79' title='bbox 273 1562 368 1623; x_wconf 84' lang='lat' dir='ltr'>artes?</span> <span class='ocrx_word' id='word_1_80' title='bbox 386 1561 508 1622; x_wconf 75' lang='lat' dir='ltr'><strong>PATER.</strong></span> <span class='ocrx_word' id='word_1_81' title='bbox 523 1560 670 1640; x_wconf 86' lang='lat' dir='ltr'>Quatuor.</span> <span class='ocrx_word' id='word_1_82' title='bbox 691 1559 798 1620; x_wconf 87' lang='lat' dir='ltr'>Earum</span> <span class='ocrx_word' id='word_1_83' title='bbox 807 1563 933 1624; x_wconf 83' lang='lat' dir='ltr'>duaeva-</span> 
     </span>
     <span class='ocr_line' id='line_1_15' title="bbox 249 1585 931 1714; baseline -0.001 -10"><span class='ocrx_word' id='word_1_84' title='bbox 249 1585 312 1704; x_wconf 72' lang='lat' dir='ltr'>lent</span> <span class='ocrx_word' id='word_1_85' title='bbox 328 1643 365 1704; x_wconf 87' lang='lat' dir='ltr'>ad</span> <span class='ocrx_word' id='word_1_86' title='bbox 379 1663 442 1704; x_wconf 89' lang='lat' dir='ltr'>rem</span> <span class='ocrx_word' id='word_1_87' title='bbox 455 1641 640 1714; x_wconf 87' lang='lat' dir='ltr'>docendam·;</span> <span class='ocrx_word' id='word_1_88' title='bbox 662 1643 787 1700; x_wconf 84' lang='lat' dir='ltr'>narratio</span> <span class='ocrx_word' id='word_1_89' title='bbox 808 1644 840 1703; x_wconf 87' lang='lat'>&amp;</span> <span class='ocrx_word' id='word_1_90' title='bbox 858 1665 931 1703; x_wconf 90' lang='lat' dir='ltr'>con-</span> 
     </span>
     <span class='ocr_line' id='line_1_16' title="bbox 249 1722 929 1803; baseline -0.001 -19"><span class='ocrx_word' id='word_1_91' title='bbox 249 1724 386 1784; x_wconf 80' lang='lat' dir='ltr'>firmatio.</span> <span class='ocrx_word' id='word_1_92' title='bbox 416 1722 467 1783; x_wconf 93' lang='lat' dir='ltr'>Ad</span> <span class='ocrx_word' id='word_1_93' title='bbox 489 1722 684 1803; x_wconf 85' lang='lat' dir='ltr'>impellendos</span> <span class='ocrx_word' id='word_1_94' title='bbox 707 1724 821 1783; x_wconf 87' lang='lat' dir='ltr'>animos</span> <span class='ocrx_word' id='word_1_95' title='bbox 846 1723 929 1795; x_wconf 82' lang='lat' dir='ltr'>duae3</span> 
     </span>
     <span class='ocr_line' id='line_1_17' title="bbox 249 1802 931 1886; baseline -0.001 -22"><span class='ocrx_word' id='word_1_96' title='bbox 249 1807 420 1886; x_wconf 86' lang='lat' dir='ltr'>principium</span> <span class='ocrx_word' id='word_1_97' title='bbox 435 1804 641 1884; x_wconf 82' lang='lat' dir='ltr'>&amp;peroratio</span> <span class='ocrx_word' id='word_1_98' title='bbox 670 1802 797 1864; x_wconf 80' lang='lat' dir='ltr'>qus.</span> <span class='ocrx_word' id='word_1_99' title='bbox 824 1804 931 1884; x_wconf 72' lang='lat' dir='ltr'>Quid?</span> 
     </span>
    </p>

    <p class='ocr_par' dir='ltr' id='par_1_5' title="bbox 249 1882 930 2127">
     <span class='ocr_line' id='line_1_18' title="bbox 291 1882 930 1966; baseline 0 -22"><span class='ocrx_word' id='word_1_100' title='bbox 291 1882 368 1944; x_wconf 87' lang='lat' dir='ltr'>aestio</span> <span class='ocrx_word' id='word_1_101' title='bbox 377 1882 514 1966; x_wconf 85' lang='lat' dir='ltr'>quasnam</span> <span class='ocrx_word' id='word_1_102' title='bbox 524 1883 614 1943; x_wconf 85' lang='lat' dir='ltr'>habet</span> <span class='ocrx_word' id='word_1_103' title='bbox 624 1883 737 1965; x_wconf 86' lang='lat' dir='ltr'>partes?</span> <span class='ocrx_word' id='word_1_104' title='bbox 752 1882 875 1946; x_wconf 73' lang='lat' dir='ltr'><strong>PATER.</strong></span> <span class='ocrx_word' id='word_1_105' title='bbox 888 1884 930 1944; x_wconf 89' lang='lat' dir='ltr'>ln·</span> 
     </span>
     <span class='ocr_line' id='line_1_19' title="bbox 249 1907 926 2049; baseline 0.003 -24"><span class='ocrx_word' id='word_1_106' title='bbox 249 1907 381 2039; x_wconf 58' lang='lat' dir='ltr'>illitam,</span> <span class='ocrx_word' id='word_1_107' title='bbox 412 1985 498 2047; x_wconf 92' lang='lat' dir='ltr'>quam</span> <span class='ocrx_word' id='word_1_108' title='bbox 523 1963 765 2025; x_wconf 85' lang='lat' dir='ltr'>consultationem</span> <span class='ocrx_word' id='word_1_109' title='bbox 788 1966 926 2049; x_wconf 83' lang='lat' dir='ltr'>appello:</span> 
     </span>
     <span class='ocr_line' id='line_1_20' title="bbox 251 2043 831 2127; baseline 0 -19"><span class='ocrx_word' id='word_1_110' title='bbox 251 2047 285 2108; x_wconf 75' lang='grc' dir='ltr'>ὅ(</span> <span class='ocrx_word' id='word_1_111' title='bbox 299 2045 462 2119; x_wconf 79' lang='lat' dir='ltr'>definitam,</span> <span class='ocrx_word' id='word_1_112' title='bbox 474 2067 562 2127; x_wconf 86' lang='lat' dir='ltr'>quam</span> <span class='ocrx_word' id='word_1_113' title='bbox 572 2043 684 2104; x_wconf 83' lang='lat' dir='ltr'>causam</span> <span class='ocrx_word' id='word_1_114' title='bbox 696 2048 831 2108; x_wconf 86' lang='lat' dir='ltr'>nomino.</span> 
     </span>
    </p>

    <p class='ocr_par' dir='ltr' id='par_1_6' title="bbox 184 2126 931 3082">
     <span class='ocr_line' id='line_1_21' title="bbox 291 2126 928 2209; baseline -0.002 -22"><span class='ocrx_word' id='word_1_115' title='bbox 291 2126 330 2187; x_wconf 87' lang='lat' dir='ltr'>ll.</span> <span class='ocrx_word' id='word_1_116' title='bbox 357 2127 484 2188; x_wconf 65' lang='lat' dir='ltr'>Fletus.</span> <span class='ocrx_word' id='word_1_117' title='bbox 513 2126 666 2206; x_wconf 81' lang='lat' dir='ltr'>Quoniam</span> <span class='ocrx_word' id='word_1_118' title='bbox 689 2127 776 2209; x_wconf 77' lang='lat' dir='ltr'>igitur</span> <span class='ocrx_word' id='word_1_119' title='bbox 798 2129 928 2190; x_wconf 86' lang='lat' dir='ltr'>invenire</span> 
     </span>
     <span class='ocr_line' id='line_1_22' title="bbox 242 2205 930 2291; baseline -0.001 -22"><span class='ocrx_word' id='word_1_120' title='bbox 242 2212 372 2269; x_wconf 73' lang='lat' dir='ltr'>‘oratoris</span> <span class='ocrx_word' id='word_1_121' title='bbox 392 2211 520 2291; x_wconf 89' lang='lat' dir='ltr'>primum</span> <span class='ocrx_word' id='word_1_122' title='bbox 543 2205 603 2281; x_wconf 86' lang='lat' dir='ltr'>est,</span> <span class='ocrx_word' id='word_1_123' title='bbox 624 2206 694 2289; x_wconf 90' lang='lat' dir='ltr'>quid</span> <span class='ocrx_word' id='word_1_124' title='bbox 713 2208 849 2290; x_wconf 81' lang='lat' dir='ltr'>quaeret?</span> <span class='ocrx_word' id='word_1_125' title='bbox 868 2207 930 2268; x_wconf 79' lang='lat' dir='ltr'>PA-</span> 
     </span>
     <span class='ocr_line' id='line_1_23' title="bbox 184 2288 929 2371; baseline 0.003 -25"><span class='ocrx_word' id='word_1_126' title='bbox 184 2343 186 2346; x_wconf 78' lang='grc'>,</span> <span class='ocrx_word' id='word_1_127' title='bbox 249 2309 325 2351; x_wconf 76' lang='lat' dir='ltr'><strong>TER.</strong></span> <span class='ocrx_word' id='word_1_128' title='bbox 353 2289 396 2350; x_wconf 89' lang='lat' dir='ltr'>Ut</span> <span class='ocrx_word' id='word_1_129' title='bbox 412 2290 558 2364; x_wconf 87' lang='lat' dir='ltr'>inveniat,</span> <span class='ocrx_word' id='word_1_130' title='bbox 572 2288 822 2371; x_wconf 85' lang='lat' dir='ltr'>quemadmodum</span> <span class='ocrx_word' id='word_1_131' title='bbox 840 2288 929 2350; x_wconf 87' lang='lat' dir='ltr'>fidem</span> 
     </span>
     <span class='ocr_line' id='line_1_24' title="bbox 249 2368 929 2453; baseline -0.003 -22"><span class='ocrx_word' id='word_1_132' title='bbox 249 2371 337 2432; x_wconf 85' lang='lat' dir='ltr'>faciat</span> <span class='ocrx_word' id='word_1_133' title='bbox 357 2373 418 2445; x_wconf 85' lang='lat' dir='ltr'>eis,</span> <span class='ocrx_word' id='word_1_134' title='bbox 441 2370 543 2453; x_wconf 86' lang='lat' dir='ltr'>quibus</span> <span class='ocrx_word' id='word_1_135' title='bbox 566 2369 652 2431; x_wconf 85' lang='lat' dir='ltr'>volet</span> <span class='ocrx_word' id='word_1_136' title='bbox 675 2368 873 2451; x_wconf 74' lang='lat' dir='ltr'>persuadere,</span> <span class='ocrx_word' id='word_1_137' title='bbox 898 2371 929 2429; x_wconf 72' lang='grc' dir='ltr'>ὅ(</span> 
     </span>
     <span class='ocr_line' id='line_1_25' title="bbox 249 2448 930 2534; baseline -0.001 -23"><span class='ocrx_word' id='word_1_138' title='bbox 249 2452 501 2534; x_wconf 84' lang='lat' dir='ltr'>quemadmodum</span> <span class='ocrx_word' id='word_1_139' title='bbox 512 2467 627 2510; x_wconf 90' lang='lat' dir='ltr'>motum</span> <span class='ocrx_word' id='word_1_140' title='bbox 637 2470 740 2509; x_wconf 86' lang='lat' dir='ltr'>eorum</span> <span class='ocrx_word' id='word_1_141' title='bbox 751 2453 853 2510; x_wconf 87' lang='lat' dir='ltr'>animis</span> <span class='ocrx_word' id='word_1_142' title='bbox 864 2448 930 2510; x_wconf 79' lang='lat' dir='ltr'>affe-</span> 
     </span>
     <span class='ocr_line' id='line_1_26' title="bbox 250 2529 928 2610; baseline -0.003 -18"><span class='ocrx_word' id='word_1_143' title='bbox 250 2553 304 2592; x_wconf 81' lang='lat' dir='ltr'>rat.</span> <span class='ocrx_word' id='word_1_144' title='bbox 330 2532 461 2592; x_wconf 78' lang='lat' dir='ltr'>F1n1us.</span> <span class='ocrx_word' id='word_1_145' title='bbox 478 2530 595 2610; x_wconf 91' lang='lat' dir='ltr'>Quibus</span> <span class='ocrx_word' id='word_1_146' title='bbox 608 2531 694 2590; x_wconf 86' lang='lat' dir='ltr'>rebus</span> <span class='ocrx_word' id='word_1_147' title='bbox 705 2529 778 2591; x_wconf 87' lang='lat' dir='ltr'>fides</span> <span class='ocrx_word' id='word_1_148' title='bbox 789 2529 847 2591; x_wconf 82' lang='lat' dir='ltr'>lit?</span> <span class='ocrx_word' id='word_1_149' title='bbox 870 2530 928 2591; x_wconf 72' lang='lat' dir='ltr'>PA-</span> 
     </span>
     <span class='ocr_line' id='line_1_27' title="bbox 250 2611 928 2692; baseline -0.003 -21"><span class='ocrx_word' id='word_1_150' title='bbox 250 2630 326 2672; x_wconf 73' lang='lat' dir='ltr'><strong>TER.</strong></span> <span class='ocrx_word' id='word_1_151' title='bbox 350 2611 539 2692; x_wconf 80' lang='lat' dir='ltr'>Argumentis</span> <span class='ocrx_word' id='word_1_152' title='bbox 557 2633 620 2692; x_wconf 84' lang='lat' dir='ltr'>quae</span> <span class='ocrx_word' id='word_1_153' title='bbox 635 2611 776 2672; x_wconf 86' lang='lat' dir='ltr'>ducuntur</span> <span class='ocrx_word' id='word_1_154' title='bbox 788 2633 825 2672; x_wconf 84' lang='lat' dir='ltr'>ex</span> <span class='ocrx_word' id='word_1_155' title='bbox 840 2612 928 2685; x_wconf 85' lang='lat' dir='ltr'>locis,</span> 
     </span>
     <span class='ocr_line' id='line_1_28' title="bbox 250 2689 931 2775; baseline -0.001 -23"><span class='ocrx_word' id='word_1_156' title='bbox 250 2709 299 2752; x_wconf 87' lang='lat' dir='ltr'>aut</span> <span class='ocrx_word' id='word_1_157' title='bbox 319 2689 348 2751; x_wconf 92' lang='lat' dir='ltr'>in</span> <span class='ocrx_word' id='word_1_158' title='bbox 367 2712 399 2751; x_wconf 82' lang='lat' dir='ltr'>re</span> <span class='ocrx_word' id='word_1_159' title='bbox 419 2691 478 2773; x_wconf 89' lang='lat' dir='ltr'>ipsa</span> <span class='ocrx_word' id='word_1_160' title='bbox 496 2693 608 2766; x_wconf 83' lang='lat' dir='ltr'>insitis,</span> <span class='ocrx_word' id='word_1_161' title='bbox 626 2708 677 2751; x_wconf 83' lang='lat' dir='ltr'>aut</span> <span class='ocrx_word' id='word_1_162' title='bbox 696 2692 851 2775; x_wconf 77' lang='lat' dir='ltr'>assumptis.</span> <span class='ocrx_word' id='word_1_163' title='bbox 876 2693 931 2753; x_wconf 90' lang='lat' dir='ltr'>F1·</span> 
     </span>
     <span class='ocr_line' id='line_1_29' title="bbox 253 2772 931 2854; baseline -0.007 -18"><span class='ocrx_word' id='word_1_164' title='bbox 253 2793 339 2836; x_wconf 77' lang='grc' dir='ltr'><strong>ιιυε.</strong></span> <span class='ocrx_word' id='word_1_165' title='bbox 363 2773 450 2854; x_wconf 92' lang='lat' dir='ltr'>Quos</span> <span class='ocrx_word' id='word_1_166' title='bbox 470 2793 559 2832; x_wconf 86' lang='lat' dir='ltr'>vocas</span> <span class='ocrx_word' id='word_1_167' title='bbox 577 2772 685 2833; x_wconf 80' lang='lat' dir='ltr'>locos?</span> <span class='ocrx_word' id='word_1_168' title='bbox 706 2772 828 2836; x_wconf 74' lang='lat' dir='ltr'><strong>PATER.</strong></span> <span class='ocrx_word' id='word_1_169' title='bbox 849 2772 931 2846; x_wconf 88' lang='lat' dir='ltr'>Eos,</span> 
     </span>
     <span class='ocr_line' id='line_1_30' title="bbox 250 2853 931 2938; baseline -0.004 -22"><span class='ocrx_word' id='word_1_170' title='bbox 250 2859 281 2916; x_wconf 87' lang='lat' dir='ltr'>in</span> <span class='ocrx_word' id='word_1_171' title='bbox 293 2855 395 2938; x_wconf 86' lang='lat' dir='ltr'>quibus</span> <span class='ocrx_word' id='word_1_172' title='bbox 408 2855 500 2914; x_wconf 85' lang='lat' dir='ltr'>latent</span> <span class='ocrx_word' id='word_1_173' title='bbox 508 2869 687 2936; x_wconf 85' lang='lat' dir='ltr'>argumenta.</span> <span class='ocrx_word' id='word_1_174' title='bbox 704 2853 833 2915; x_wconf 77' lang='lat' dir='ltr'>Fluus,</span> <span class='ocrx_word' id='word_1_175' title='bbox 848 2854 931 2936; x_wconf 84' lang='lat' dir='ltr'>Quid</span> 
     </span>
     <span class='ocr_line' id='line_1_31' title="bbox 248 2933 931 3018; baseline 0 -22"><span class='ocrx_word' id='word_1_176' title='bbox 248 2936 291 2997; x_wconf 84' lang='lat' dir='ltr'>est</span> <span class='ocrx_word' id='word_1_177' title='bbox 308 2934 532 3018; x_wconf 82' lang='lat' dir='ltr'>argumentum?</span> <span class='ocrx_word' id='word_1_178' title='bbox 560 2933 681 2994; x_wconf 64' lang='lat' dir='ltr'>Prien.</span> <span class='ocrx_word' id='word_1_179' title='bbox 703 2933 861 3008; x_wconf 87' lang='lat' dir='ltr'>Probabile</span> <span class='ocrx_word' id='word_1_180' title='bbox 884 2938 931 2997; x_wconf 87' lang='lat' dir='ltr'>in-</span> 
     </span>
     <span class='ocr_line' id='line_1_32' title="bbox 248 3012 706 3082; baseline -0.004 -3"><span class='ocrx_word' id='word_1_181' title='bbox 248 3036 371 3079; x_wconf 80' lang='lat' dir='ltr'>venturn</span> <span class='ocrx_word' id='word_1_182' title='bbox 382 3017 418 3078; x_wconf 87' lang='lat' dir='ltr'>ad</span> <span class='ocrx_word' id='word_1_183' title='bbox 430 3016 594 3078; x_wconf 83' lang='lat' dir='ltr'>faciendam</span> <span class='ocrx_word' id='word_1_184' title='bbox 604 3012 706 3082; x_wconf 79' lang='lat' dir='ltr'>fidem.</span> 
     </span>
    </p>
   </div>
   <div class='ocr_carea' id='block_1_3' title="bbox 0 0 1204 4067">
    <p class='ocr_par' dir='ltr' id='par_1_7' title="bbox 0 0 1204 4067">
     <span class='ocr_line' id='line_1_33' title="bbox 0 0 1204 4067; baseline 0 1"><span class='ocrx_word' id='word_1_185' title='bbox 0 0 1204 4067; x_wconf 95' lang='lat' dir='ltr'> </span> 
     </span>
    </p>
   </div>
  </div>
 </body>
</html>
