2400 4067
232 509 311 593 '340
383 500 760 571 Parrmorrs

231 616 304 674 veri)
317 614 521 686 scrutabimur,
542 615 574 672 &
590 633 750 694 quaeremus
764 633 801 674 ex
814 613 912 674 omni·

232 693 306 754 bus:
330 694 380 757 sed
393 695 594 755 adhibebimus
612 691 772 772 judicium,
790 713 823 754 ut
835 695 911 755 levia

231 775 345 857 semper
367 775 555 854 rejiciamus,
581 795 802 856 nonnumquam
825 777 911 835 etiam

232 861 398 916 communia
410 858 678 938 praetermittamus,
694 857 726 914 ὅ(
739 877 800 915 non
812 855 911 916 neces·

230 935 310 997 saria.
339 937 464 998 FluuS.
486 936 637 1015 Quoniam
656 936 692 995 de
710 935 769 996 fide
787 935 837 996 res
853 959 911 997 on-

233 1015 315 1091 disti,
327 1019 399 1079 volo
412 1018 509 1077 audire
524 1016 561 1076 de
574 1032 666 1075 motu.
687 1015 810 1075 PATER.
829 959 910 1077 {oco

231 1097 478 1180 quidemquaeris,
489 1096 538 1156 sed
548 1096 659 1177 planius
671 1096 807 1176 quodvis
820 1118 855 1157 ex
877 1098 911 1167 lie

230 1178 360 1253 cabitur,
380 1199 468 1259 quum
481 1177 518 1235 ad
530 1179 670 1235 orationis
680 1179 768 1259 ipsius
778 1120 910 1260 quaedio-

229 1279 356 1339 numque
371 1261 514 1318 rationem
527 1277 651 1317 venero.
765 1314 768 1319 .

272 1357 301 1417 9.
325 1339 452 1400 Frnus.
475 1337 558 1418 Quid
576 1335 702 1419 sequitur
714 1337 824 1420 igitur?
848 1337 910 1399 Pr-

230 1436 305 1479 TER.
331 1419 618 1499 Quum-inveneris,
640 1418 797 1480 collocare.
819 1418 909 1500 Cujus

229 1501 260 1569 in
276 1499 384 1582 infinita
398 1500 554 1581 quaestione
574 1499 649 1559 ordo
672 1497 713 1566 est
731 1499 811 1560 idem
830 1501 910 1575 fere,

230 1594 319 1660 quem
331 1602 365 1642 ex
388 1580 449 1641 osui
459 1580 603 1641 locorum.
621 1578 907 1656 Indefinitaautem,

229 1603 396 1722 adhihenda¹
411 1661 474 1722 sunt
489 1661 538 1720 illa
557 1664 663 1731 etiam,
685 1683 748 1742 quae
763 1662 909 1722 admotus

230 1745 393 1803 animorum
412 1744 567 1824 pertinent.
593 1740 719 1801 Funus.
740 1741 907 1821 Quomodo

229 1824 315 1903 igitur
326 1822 376 1882 ista
388 1822 534 1902 explicas?
556 1821 675 1882 PATER.
701 1822 809 1884 Habeo
824 1846 908 1884 com-

228 1905 326 1961 munia
339 1920 484 1983 praecepta
500 1901 589 1961 fidem
603 1901 746 1976 faciendi,
768 1905 801 1964 &
821 1927 907 1966 com·

230 1984 381 2043 movendi.
398 1983 548 2062 Quoniam
560 1981 632 2042 fides
644 1982 684 2043 est
696 1982 778 2043 firma
788 1989 905 2064 opinio:

228 2081 327 2124 motus
347 2079 463 2137 autem,
486 2064 571 2121 animi
588 2065 716 2123 incitatio
734 2067 834 2125 autad
850 2090 908 2126 vo·

229 2145 392 2226 luptatem3
412 2162 459 2204 aut
471 2143 506 2203 ad
518 2142 699 2218 molestiam,
719 2163 768 2204 aut
784 2147 822 2206 ad
842 2168 907 2207 me-

229 2243 311 2299 tum,
331 2245 378 2286 aut
398 2225 435 2286 ad
455 2225 643 2305 cupiditatem
666 2222 725 2306 (tot
744 2229 822 2286 enim
845 2227 906 2288 sunt

229 2307 328 2367 monis
340 2329 446 2390 genera
459 2353 468 2380 ,
483 2310 578 2387 parte's
590 2305 687 2387 plures
697 2327 838 2388 generum
850 2311 907 2368 sin·

229 2388 377 2469 gulorum)
390 2408 510 2447 omnem
527 2387 753 2447 collocationem
765 2388 802 2446 ad
816 2388 904 2450 finem

229 2469 424 2529 accommodo
441 2465 612 2546 quaestionis.
635 2466 711 2525 Nam
733 2465 774 2526 est
789 2472 819 2528 in
836 2492 906 2551 pro-

229 2552 328 2629 posito
344 2548 429 2620 finis,
449 2545 540 2606 fides:
559 2551 588 2605 in
604 2546 702 2620 causa,
719 2549 752 2607 &
764 2547 859 2624 fides,
874 2552 904 2611 &

229 2647 337 2688 motus.
358 2627 458 2706 Quare
476 2648 564 2706 quum
582 2627 619 2688 de
636 2628 716 2688 causa
733 2630 856 2706 dixero,
877 2635 905 2690 in

229 2731 287 2790 qua
315 2706 357 2768 est
386 2709 598 2790 propositum,
634 2709 671 2768 de
704 2726 828 2791 utroque
862 2713 907 2770 di-

227 2811 309 2852 xero.
594 2846 597 2851 ,

213 2893 216 2898 ·
274 2891 319 2931 10.
337 2869 464 2931 Funus
482 2865 563 2947 Quid
576 2867 665 2928 habes
677 2871 761 2951 igitur
775 2870 812 2930 de
825 2872 907 2933 causa

229 2951 350 3014 dicere?
378 2949 498 3010 Paron.
520 2949 698 3009 Auditorum
714 2971 780 3011 eam
797 2970 905 3035 genere

227 3033 369 3116 distingui·
400 3031 486 3096 Nam¹
499 3048 548 3091 aut
570 3030 735 3129 ausculator·
749 3021 790 3094 est
811 3035 905 3095 modo
