2400 4067
452 458 745 528 Onnron.
859 477 942 552 445

256 588 328 630 nem
337 591 433 633 meam
440 594 502 634 non
512 595 549 634 ex
561 576 695 635 oratoriis
704 573 940 657 disputationibus

256 650 394 727 nuttam,
417 653 468 714 sed
484 675 501 716 e
517 655 614 715 media
633 653 816 737 philosophia
830 659 941 736 repeti·

254 746 317 790 tam
332 777 348 806 ,
371 735 405 794 &
426 755 492 795 eam
515 735 633 816 quidem
655 757 745 817 quum
771 737 942 816 antiquam,

254 827 319 870 tum
337 811 562 889 subobscuram,
580 832 630 875 aut
646 816 880 898 reprehensionis
890 816 942 875 ali·

254 892 350 971 quid,
379 914 428 955 aut
450 897 529 956 certe
551 896 747 957 admirationis
766 897 943 957 habituram,

255 970 333 1032 Nam
346 993 394 1035 ant
408 976 605 1050 mirabuntur,
622 977 693 1058 quid
702 977 764 1035 haec
775 978 943 1056 pertineant

253 1053 293 1111 ad
313 1074 367 1128 ea,
389 1077 453 1137 quae
467 1059 641 1137 quaerimus3
667 1057 771 1139 quibus
785 1054 940 1117 satisfaciet

252 1154 300 1194 tes
317 1135 376 1215 ipsa
394 1140 533 1220 cognita,
562 1154 676 1197 utnon
696 1140 758 1198 sine
777 1135 858 1197 causa
880 1136 941 1197 alth

252 1219 377 1294 repetita
385 1217 536 1280 videatur:
553 1235 603 1278 ant
613 1216 844 1299 reprehendent,
856 1216 942 1298 qubd

253 1296 400 1357 inusitatas
417 1300 480 1359 vias
496 1297 686 1381 indagemus,
700 1301 781 1360 tritas
795 1298 941 1380 rehnqua·

253 1394 327 1436 mus.

298 1475 343 1515 12.
374 1455 441 1540 Ego
462 1474 561 1519 autem
580 1459 614 1520 δι
631 1478 681 1519 me
700 1458 783 1539 saepe·
795 1479 875 1520 nova
890 1460 941 1519 vi-

253 1535 315 1596 deri
329 1537 425 1599 dicere
444 1539 599 1622 intelligo,
616 1560 706 1620 quum
724 1555 878 1620 pervetera
895 1538 946 1599 di·-

253 1639 338 1691 eam,
363 1617 413 1679 sed
429 1620 557 1680 inaudita
574 1617 740 1700 plerisque3
765 1620 799 1679 &
820 1617 940 1692 fateor,

254 1718 303 1759 me
327 1716 496 1772 oratorem,
525 1702 549 1760 si
572 1699 666 1760 modo
685 1701 761 1772 sim,
784 1714 833 1761 aut
852 1700 941 1759 eriam

253 1782 427 1920 quicumtpue
446 1784 524 1854 sim,
543 1800 661 1875 nonex
680 1780 831 1875 rhetorum
849 1777 943 1920 nippi-

253 1859 403 2001 inl
425 1941 646 2003 sn
675 1857 938 1942 si

253 2023 426 2101 riorumque
440 2021 627 2096 sermonum,
646 2023 676 2081 in
694 2023 797 2103 quibus
812 2021 941 2083 Platonis

254 2100 518 2181 primirmimpressa
524 2102 586 2161 sunt
593 2099 726 2184 vestigia:
740 2101 790 2165 sod
800 2102 833 2161 &
843 2099 948 2179 hujus,

256 2179 672 2261 &aliorum-plilosophorum
682 2181 920 2264 disputationibus
929 2226 945 2254 ,.

256 2261 291 2318 &
304 2262 462 2338 exagitatus
475 2263 600 2321 maxime
612 2279 710 2323 orator
722 2261 764 2323 est
775 2306 791 2336 ,.
810 2262 843 2320 dt
857 2259 942 2339 adju-

255 2357 310 2398 tus.
340 2337 447 2400 Omnis
467 2343 550 2400 enim-
564 2341 680 2402 ubertas
689 2374 711 2416 ,.·
722 2343 757 2405 dt
768 2343 855 2424 quasi·
867 2343 940 2403 silva

255 2418 390 2491 dicendi,
406 2417 537 2479 dudaab
547 2420 602 2481 illis
614 2419 674 2495 est,
693 2442 748 2484 nee
761 2420 825 2482 satis
839 2437 942 2482 tamen

254 2497 387 2559 instrutla
406 2500 444 2559 ad
465 2498 592 2561 forenses
609 2499 725 2574 causas3
742 2523 829 2583 quas,
851 2519 883 2562 ut
898 2503 943 2564 illi

253 2583 309 2661 ipsi
332 2580 432 2642 dicere
449 2578 615 2656 solebant,
628 2581 826 2664 agrestioribus
846 2582 948 2644 Musis.

253 2663 444 2743 reliquerunt..

298 2761 344 2817 13.
364 2741 411 2801 Sic
426 2743 593 2823 eloquentia
603 2744 665 2802 haec
677 2743 800 2803 sorensis
812 2742 906 2822 spreta
921 2765 942 2803 a

254 2819 493 2960 tlttllat
508 2823 681 2961 titur
696 2824 803 2961 <ill
822 2822 946 2959 sits

254 2924 325 3043 luen
342 2921 442 3038 olnata
455 2921 653 3058 verbisitque
671 2945 839 3051 sententiis,
854 2976 942 3058 julla.-
