2400 4067
324 524 403 598 304
451 506 524 572 Da
550 504 883 571 Invrnrrortr:

322 620 401 688 tuit,
422 616 698 678 accommodabitur
713 613 846 696 Semper
867 614 906 675 ad
927 615 1005 677 idem

322 696 353 778 sp
356 663 473 774 ellare,
493 698 550 758 hoc
563 696 677 757 modo:
694 694 898 756 Paterfamilias
918 718 1006 779 quum

321 720 480 839 lipberorum
500 779 569 839 nihil
591 777 735 851 haberet,
762 796 886 837 uxorem
910 795 1008 838 autem

322 858 483 934 haberets
477 882 506 919 in
518 858 710 919 testamento
703 875 742 917 tta
754 856 881 952 scripsit:
895 860 929 920 Si
942 861 1009 919 milri

305 941 398 1018 filius
412 944 517 1016 genitus
530 964 603 1001 unus
614 940 788 1023 „pluresve
807 941 834 997 is
850 941 918 999 milri
933 943 1009 1000 heres

322 1024 381 1159 ssa.
357 1007 526 1082 oDeinde
544 1044 611 1115 quae
625 1020 753 1081 allolent.
772 1017 896 1093 Postea,
917 1023 1008 1100 Sifi-

334 1124 379 1159 1us
399 1105 622 1173 terremotum,
648 1102 776 1179 qudmin
796 1102 910 1160 tutelam
924 1101 1006 1181 suam

321 1184 447 1252 venerit,
469 1203 499 1242 tu
516 1186 605 1252 mihi,
627 1182 763 1256 dicebat,
754 1180 914 1320 ,kenredus
932 1186 1007 1242 heres

311 1265 381 1344 eslo.
402 1228 488 1323 Filius
508 1284 569 1324 non
589 1261 630 1322 est
649 1278 741 1322 natus.
796 1263 930 1345 mbigunt
951 1284 1005 1359 agr·

321 1346 461 1402 naricum
483 1365 520 1405 eo
536 1347 613 1445 ,qui
632 1341 672 1403 est
690 1342 829 1403 secundus
849 1343 960 1419 heres,
985 1346 1006 1404 si

321 1420 394 1482 filius
408 1426 495 1500 ante,
514 1447 601 1507 quam
615 1428 643 1483 in
657 1425 776 1484 tutelam
790 1426 910 1499 veniat,
929 1447 1008 1485 mor

321 1520 386 1564 tuus
405 1507 451 1567 sit.
475 1505 509 1565 In
532 1507 590 1567 hoc
613 1525 719 1588 genere
746 1527 807 1565 non
828 1504 923 1586 potest
949 1506 1005 1567 hoc

298 1617 300 1622 ·
322 1585 400 1660 dici,
414 1586 451 1645 ad
465 1602 602 1668 tempus,
617 1604 664 1646 aut
678 1586 715 1645 ad
729 1602 867 1647 eventum
881 1586 1004 1669 aliquem

319 1663 491 1728 sententiam
508 1666 652 1749 scriptoris
673 1684 809 1747 oportere
832 1688 1006 1728 accommo-

323 1746 406 1807 dari:
423 1766 579 1829 propterea
596 1748 675 1827 quod
695 1768 728 1807 ea
748 1747 807 1807 sola
824 1743 1006 1809 demonstra-

320 1845 390 1901 tur,
412 1830 468 1910 qud
484 1829 572 1889 fretus
590 1829 637 1887 ille
650 1832 729 1909 ‚qui
751 1845 851 1888 contra
871 1828 1006 1910 scripturn

321 1909 409 1983 dicit,
428 1908 507 1978 fu'dm
524 1908 580 1969 effe
597 1908 789 1970 hereditatem
803 1908 944 1970 defendit.

367 2007 432 2068 123:
421 1979 583 2060 ll'lterum
603 2006 700 2049 autem
719 2011 808 2073 genus
827 1989 868 2050 est
886 2013 1006 2066 eorum,

321 2092 369 2151 qur
362 2007 553 2131 sdntentiam
570 2071 752 2130 inducuntz'
745 2094 774 2129 m
792 2093 850 2152 quo
865 2094 926 2134 non
941 2076 1007 2132 sim·

319 2152 387 2243 plen
410 2154 544 2211 voluntas
566 2152 707 2233 scriptoris
732 2151 915 2228 ostenditur,
963 2177 1005 2214 11ae

278 2303 283 2310 ,
320 2252 349 2289 m
364 2254 451 2295 omne
465 2250 602 2315 tempus
617 2235 792 2294 &momne
806 2233 933 2295 fadum
905 2176 1005 2296 idem

319 2315 437 2388 valcat3
453 2314 501 2375 sed
520 2337 556 2375 ex
572 2314 699 2396 quodam
714 2313 810 2389 fado,
828 2334 877 2375 aut
897 2334 1005 2377 eventu

319 2394 356 2453 ad
377 2413 491 2486 tempus
510 2395 727 2476 interpretanda
748 2394 865 2456 dicitur.
876 2395 989 2456 Eat

317 2478 393 2534 tibus
412 2476 573 2554 juridicialis
592 2475 766 2556 assumptivae
783 2478 907 2537 maxime
927 2421 1006 2537 (Εῆΐί-

318 2573 411 2615 netur.
428 2556 506 2615 Nam
522 2574 584 2615 tum
598 2557 740 2615 inducitur
753 2561 954 2638 compartum,
974 2577 1006 2619 ut

318 2638 347 2693 in
374 2657 464 2709 eum,
490 2640 562 2716 qui,
588 2658 677 2733 quum
704 2639 750 2698 lex
776 2642 879 2719 aperiri
906 2658 1005 2719 portas

283 2787 285 2792 ,
316 2715 403 2775 nodlu
419 2734 531 2775 vetaret
546 2722 688 2798 ‚aperuit
704 2720 856 2800 quodam'
850 2742 879 2779 rn
900 2721 1005 2795 bello,

318 2797 350 2855 &
375 2797 476 2855 auxilia
496 2798 654 2878 quaedam'
648 2821 677 2858 m
702 2800 842 2881 oppidum
866 2805 1005 2883 recepit,

317 2898 353 2937 ne
371 2878 406 2935 ab
421 2876 548 2937 hostibus
565 2884 815 2961 opprimerentur,
832 2884 853 2939 si
870 2880 941 2941 foris
958 2904 1009 2943 es·

315 2956 398 3097 gent,
388 2960 496 3040 ,quod
513 2982 607 3043 prope
621 2983 718 3023 muros
736 2960 822 3024 castra
839 2961 935 3024 hostes
953 2965 1014 3026 ha.-

337 3052 432 3100 esent..

216 3135 385 3288 Α.
