2400 4067
338 503 395 580 94
450 484 920 554 Rasronrcoauas

339 603 429 655 versari
444 602 534 653 debeat
544 636 552 661 ,
564 602 652 652 ditium
667 601 700 653 eli
712 636 720 663 ,
733 600 857 652 videamus
873 617 939 652 nunc
952 635 961 662 ,
974 618 1032 671 quas

337 691 380 729 res
398 676 487 727 debeat
505 677 595 727 habere
607 676 716 727 elocutio
732 675 859 725 commoda
874 675 900 727 8(
913 677 1031 742 perseila.

340 748 404 814 Quae
418 749 521 800 maximi
536 749 664 800 admodum
680 749 771 800 oratori
780 750 968 800 accommodata
982 750 1031 812 est,

337 834 390 875 tres
406 824 485 875 resin
501 823 525 874 se
541 824 616 873 debet
625 825 735 882 habere,
752 823 915 892 elegantiam,
928 840 1031 892 compo·

335 897 473 956 sirionem,
492 896 642 966 dignitatem.
660 897 785 967 Elegantia
802 896 857 956 est,
875 913 932 965 qua
953 898 1030 961 satit,

336 983 367 1021 ut
384 971 565 1038 unumquidque
581 971 662 1037 puri,
677 972 704 1023 dt
721 968 806 1038 aperti
824 969 872 1020 dici
890 970 1029 1025 videaturs

334 1044 389 1095 laec
405 1043 550 1096 distribuitur
562 1044 586 1095 iu
597 1045 752 1097 Latinitatem
763 1078 771 1105 ,
784 1044 809 1096 dt
820 1044 1029 1111 explanationem

337 1117 454 1168 Latinitas
469 1118 521 1176 est,
532 1136 585 1187 quae
597 1119 732 1170 sermonem
740 1134 828 1187 purum
840 1118 973 1170 consermt
984 1121 1033 1179 ,ab

336 1191 403 1242 omni
414 1191 476 1241 vitio
490 1205 620 1244 remotum.
632 1194 701 1247 Vitia
715 1193 740 1243 in
757 1191 886 1251 sermone,
900 1192 1028 1259 quominus

336 1263 357 1314 is
373 1264 475 1316 Latinus
488 1266 537 1325 sit,
556 1267 605 1317 duo
620 1266 715 1333 possunt
731 1264 798 1325 esic,
816 1264 988 1327 soloecismus,
1004 1266 1028 1319 bt

334 1335 493 1390 barbarismus
505 1356 513 1392 s
525 1340 673 1395 soloecismus
684 1339 717 1389 est
725 1373 733 1398 ,
742 1356 815 1406 quum
826 1338 909 1389 verbis
919 1339 1029 1406 pluribus

335 1412 489 1481 consequens
502 1414 605 1465 verbum
615 1414 732 1481 superiori
748 1430 796 1463 non
807 1412 1009 1465 accommodatur
1019 1428 1027 1465 t

335 1486 493 1538 barbarismus
503 1487 551 1547 est,
560 1505 632 1556 quum
644 1488 744 1539 verbum
754 1486 853 1554 aliquod
861 1485 950 1537 vitiosa
959 1486 1028 1539 esferl

334 1570 385 1611 tur.
404 1560 465 1611 Haec
484 1560 531 1629 qui
551 1562 647 1611 ratione
666 1561 744 1614 vitare
764 1560 908 1628 possimus',
929 1560 959 1611 in
976 1571 1027 1613 atta

335 1630 502 1685 Grammatica
511 1634 617 1686 dilucide
625 1634 751 1685 discemus.
757 1632 903 1701 Explanatio
912 1632 965 1694 est,
975 1650 1027 1702 qua

333 1708 416 1759 reddit
432 1722 540 1775 apertam
557 1709 582 1760 δι
599 1707 727 1759 dilucidam
743 1708 900 1759 orationem:
913 1722 944 1759 ea
960 1723 1027 1759 coms

333 1794 432 1848 paratur
440 1781 534 1833 duabus
543 1783 635 1841 rebus,
649 1781 744 1833 usitatis
753 1782 835 1833 verbis
846 1814 854 1841 ,
866 1779 894 1832 bt
907 1781 1026 1849 propriiss

333 1854 431 1905 Usitata
442 1854 497 1906 sunt
506 1871 552 1913 ea,
565 1872 619 1921 quaa
626 1854 751 1907 versantur
758 1854 784 1906 in
794 1855 918 1913 sermone,
931 1854 961 1906 bt
970 1870 1027 1907 cott-

332 1927 460 1978 suetudine
471 1928 611 1994 quotidiana
623 1944 631 1979 s
643 1930 760 1996 propria,
775 1946 828 1996 quae
838 1926 892 1995 ejus
901 1927 941 1980 rei
950 1929 1027 1981 verbs

332 2000 404 2060 sunt,
415 2013 458 2051 aut
469 1999 516 2051 else
527 2000 639 2068 possunt,
651 2019 697 2070 qua
709 2003 740 2053 de
751 2004 888 2070 loquemur.

373 2074 416 2125 18.
433 2074 588 2141 Compositio
603 2076 637 2127 est
646 2076 776 2127 verborum
787 2073 953 2137 construiiio,
972 2093 1027 2145 quas

331 2146 391 2198 sacit
401 2164 486 2199 omnes
500 2161 582 2216 partes
593 2150 709 2201 orationis
718 2149 868 2217 aequabiliter
876 2150 1026 2217 perpolitas.

330 2220 367 2273 Ea
385 2222 585 2282 conservabitur,
602 2223 623 2274 si
643 2224 763 2293 fugiemus
784 2225 880 2275 crebras
899 2225 1026 2276 vocalium

331 2296 529 2354 concursiones,
548 2314 602 2365 quae
614 2296 702 2348 vallam
714 2310 788 2365 atque
802 2297 910 2349 hiantem
927 2296 1026 2351 oratio·

331 2386 388 2420 nem
396 2371 503 2422 reddunt
513 2404 521 2432 ,
532 2382 561 2422 ut
569 2372 619 2421 hoc
629 2371 663 2423 est
675 2371 778 2423 :Bacca
788 2388 854 2421 aeneae
864 2370 1026 2425 anamma

331 2444 497 2512 impendebant
508 2462 517 2495 t
529 2445 557 2497 δι
573 2446 594 2495 si
606 2445 733 2495 vitabimus
751 2442 858 2511 ejusdem
874 2444 968 2498 litterar
986 2445 1026 2497 ni·

331 2518 403 2566 miam
414 2519 578 2569 assiduitatem
590 2535 598 2576 ;
614 2518 653 2567 cui
663 2517 723 2567 vitio
734 2516 817 2566 versus
828 2516 868 2564 hic
879 2518 927 2567 erit
937 2535 1025 2572 exem.

330 2591 372 2657 plo
385 2607 392 2641 ε
405 2607 460 2641 nam
471 2589 510 2641 hic
521 2591 580 2641 nihil
589 2590 705 2657 prohibet
714 2587 739 2637 in
747 2588 828 2646 vitiis,
842 2589 928 2642 alienis
939 2610 1023 2646 exem·

331 2664 377 2728 plis
388 2664 432 2715 uti.
445 2665 468 2715 0
479 2665 533 2715 Tite
544 2698 553 2723 ,
567 2678 632 2721 rute,
645 2661 719 2717 Tati,
731 2659 793 2719 ribi,
806 2675 890 2722 saura,
902 2680 1021 2732 syranus,

329 2737 414 2800 tulisti.
427 2739 459 2789 Er
471 2739 511 2788 hic
523 2736 631 2803 ejusdem
645 2735 744 2802 po'e'taet
757 2732 889 2805 Quidquam
901 2736 1023 2806 quisquam

329 2810 436 2877 cuiquam
456 2813 519 2879 quod
533 2808 682 2868 convenias,
702 2822 780 2877 neget.
798 2807 851 2868 Et,
871 2810 891 2861 si
910 2810 1023 2877 ejusdem

328 2885 398 2933 verbi
413 2885 577 2935 assiduitatem
587 2881 684 2931 nimiam
695 2881 813 2950 fugiemus
825 2898 832 2935 τ
845 2900 873 2935 ea
890 2883 923 2934 esi
935 2883 1022 2952 hujus·

328 2957 412 3008 modi:
424 2959 489 3010 Nam
504 2957 568 3024 cujus
581 2955 684 3007 rationis
693 2956 756 3007 ratio
766 2975 813 3008 non
827 2958 921 3022 exstat,
942 2958 966 3009 ci
978 2978 1021 3010 ra·-

329 3030 391 3080 moni
409 3031 473 3082 ratio
485 3048 536 3084 *non
551 3031 584 3096 est
594 3030 670 3101 fidem
684 3029 777 3086 labere·
793 3032 845 3094 Et,
860 3031 946 3086 sinon
961 3045 1020 3087 ute-
