2400 4067
333 427 393 522 ³24
454 432 919 505 Rnnronrconvn

337 543 517 619 persuadonem
535 570 542 603 :
560 553 644 618 quibus
667 553 697 601 de
719 553 792 603 rebus
812 553 963 618 vituperatio
985 572 1031 607 eo·

339 639 414 684 tum,
438 643 491 692 quae
512 638 580 675 extra
599 626 625 674 id
647 626 736 675 crimen
757 638 847 685 erunt,
870 644 919 676 non
940 629 1031 681 debeat

338 700 463 767 assignari.
482 695 524 748 Sin
533 700 694 749 vehementer
707 700 809 770 hominis
819 700 971 765 turpitudine
988 703 1030 753 im·

337 774 473 838 pedietur,
496 773 522 823 &
547 772 664 833 infamiis,
690 772 754 839 priris
775 774 841 823 dabit
861 790 980 839 operam,
1002 789 1031 829 ut

337 845 410 897 falsos
425 862 535 896 rumores
548 846 678 913 dissipatos
693 846 739 897 effe
756 846 821 896 dicat
832 846 863 896 de
875 846 1030 911 innocenter

338 920 366 971 &
386 932 470 970 utetur
487 918 545 969 loco
563 920 710 979 communi,
733 916 869 971 rumoribus
888 921 958 972 credi
978 940 1030 975 non

337 1005 465 1059 oportere.
485 994 527 1042 Sin
551 993 610 1043 nihil
628 994 715 1044 horum
737 992 790 1044 fieri
811 994 923 1059 poterit,
946 1007 1031 1049 utatur

337 1069 447 1116 extremi
464 1066 627 1127 defensione,
647 1068 673 1119 δι
690 1067 776 1124 dicat,
797 1084 847 1117 non
866 1067 890 1117 se
907 1066 939 1117 de
956 1071 1030 1121 mori·

336 1140 382 1189 bus
403 1139 455 1207 ejus
474 1140 538 1205 apud
558 1141 691 1199 censores,
714 1140 755 1190 fed
774 1141 804 1190 de
826 1139 965 1193 criminibus
985 1144 1031 1195 ad·

336 1211 497 1263 versariorum
515 1214 580 1279 apud
594 1213 688 1279 judices
707 1214 798 1264 dicere.

374 1287 429 1340 tv.
450 1287 558 1338 Collatio
579 1288 632 1346 est,
653 1304 726 1353 quum
746 1286 874 1338 accusator
892 1285 939 1348 id,
961 1290 1030 1357 quod

336 1359 498 1411 adversarium
515 1359 596 1411 fecisse
616 1361 776 1420 criminatur,
796 1361 836 1411 alii
852 1362 962 1421 nemini,
982 1365 1048 1418 nisi.

337 1450 400 1493 reo,
415 1436 480 1485 bono
495 1434 560 1486 fuisse
578 1433 745 1485 demonstrat:
761 1446 804 1484 aut
818 1434 889 1485 alium
906 1436 1030 1490 neminem

315 1562 317 1566 f
336 1508 440 1572 potuisse
460 1507 603 1574 perficere,
630 1510 674 1559 nisi
698 1507 886 1559 adversarium:
906 1522 949 1560 aut
972 1527 1030 1580 eum

336 1580 413 1649 ipsum
430 1583 482 1634 aliis
500 1581 633 1633 rationibus
652 1574 697 1631 aut'
712 1598 761 1630 non
777 1580 899 1647 potuisse,
917 1595 1030 1636 autnon

337 1654 407 1721 aequd
424 1654 550 1706 commode
563 1654 687 1722 potuisse,
710 1666 752 1703 aut
767 1670 823 1704 eum
842 1652 948 1723 effugisse
970 1657 1031 1711 alias

335 1727 445 1780 rationes
466 1729 643 1780 commodiores
663 1739 764 1793 propter
780 1728 947 1794 cupiditatem.
969 1730 1029 1784 Hoc

323 1802 396 1852 'loco
408 1802 520 1852 defensor
533 1801 697 1860 demonstret,
712 1812 829 1867 oportet,
844 1814 887 1852 aut
903 1804 955 1854 aliis
967 1822 1029 1871 quo·

336 1891 386 1941 que
396 1877 462 1925 bono
478 1874 564 1933 fuisse,
584 1886 627 1925 aut
642 1874 702 1925 alios
719 1892 815 1943 quoque
831 1874 874 1935 id,
893 1878 960 1943 quod
976 1879 1029 1946 ipse

335 1947 506 2007 insimuletur,
526 1949 608 1997 facere
625 1947 737 2012 potuisse·

374 2038 402 2085 7.
428 2021 527 2088 Signum
549 2019 604 2079 est,
626 2038 671 2087 per
690 2020 757 2087 quod
779 2022 912 2073 ostenditur
936 2022 1028 2083 idonea

328 2094 479 2161 perficiendi
496 2094 599 2144 facultas
619 2093 666 2144 effe
688 2096 798 2161 quaesita.
819 2097 846 2145 ld
861 2094 980 2147 dividitur
1003 2099 1029 2149 in

335 2180 418 2234 partes
437 2167 478 2217 sex
488 2183 498 2226 3
517 2167 618 2226 locum,
639 2180 754 2235 tempus,
773 2162 894 2235 spatium,
915 2171 1029 2222 occasio·

335 2257 408 2300 nem,
422 2240 487 2308 spem
498 2239 655 2306 perficiendi,
669 2242 734 2310 spem
745 2242 848 2294 celandi.
865 2241 947 2292 Locus
961 2261 1026 2311 quae·

299 2343 305 2358 ·
333 2314 416 2372 titur,
439 2313 561 2374 celebris,
582 2332 612 2364 an
634 2316 763 2376 desertus,
782 2316 875 2382 semper
895 2316 1027 2379 desertus,

291 2399 293 2402 “
335 2405 367 2438 au
386 2401 456 2447 tum,
474 2405 547 2456 quum
563 2388 590 2437 id
606 2389 693 2440 fadum
711 2391 762 2450 sit,
782 2390 856 2440 fuerit
873 2390 899 2438 in
916 2406 947 2440 eo
965 2393 1025 2444 loco

335 2462 461 2521 solitudo,
482 2463 566 2521 sacer,
584 2479 614 2512 an
628 2464 742 2529 profanus
754 2481 763 2522 3
781 2462 910 2530 publicus,
930 2481 961 2513 an
975 2466 1035 2532 pria

335 2547 407 2583 vatus
428 2534 526 2593 fuerit3
552 2535 686 2602 cujusmodi
707 2536 756 2587 loci
775 2535 914 2601 attingant;
933 2553 995 2588 num
1018 2572 1028 2597 ,

334 2608 377 2673 qui
394 2605 426 2656 est
443 2607 539 2673 pasius,
556 2611 693 2676 perspesfus
708 2619 751 2659 aut
763 2606 889 2657 exauditus
904 2608 952 2659 effe
966 2614 1024 2677 pos·

332 2680 377 2729 sit.
391 2679 487 2729 Horum
504 2683 559 2747 quid
574 2700 636 2741 reo,
654 2681 711 2749 quid
726 2679 860 2730 accusatori
874 2685 1023 2747 conveniat,

334 2751 485 2819 perscribere
505 2772 554 2806 non
575 2770 747 2823 gravaremur,
766 2753 811 2803 nisi
829 2752 901 2804 facili
919 2757 1022 2823 quivis,

335 2825 409 2876 causi
422 2827 521 2893 positi,
542 2827 620 2895 posset
634 2824 752 2891 judicare.
769 2825 841 2877 Initia
856 2828 920 2877 enim
934 2830 1024 2881 inven-

334 2899 410 2950 tionis
435 2902 464 2949 ab
490 2913 543 2950 arte
570 2900 661 2949 debent
683 2896 822 2965 proficisci,
844 2912 926 2952 cetera
949 2903 1024 2956 facile

336 2974 485 3041 comparabit
511 2971 664 3027 exercitatio.
690 2972 798 3044 Tempus
822 2975 857 3031 ita
879 2976 995 3045 quaeritur
1014 3010 1024 3037 ,

974 3050 1024 3119 qut

178 3243 450 3533 ,Ἴ

370 3564 416 3601 Δ.
