2400 4067
328 664 380 740 ¹'68
444 668 927 737 Rrrrronrc‘onvnr'

329 802 380 835 vox
393 784 494 850 spiritu,
516 785 541 836 &
552 786 646 834 artetiae
660 784 788 834 reticendo
802 780 980 851 acquiescunt.
998 786 1025 840 lt

330 859 471 908 continuum
486 861 615 909 clamorem
631 859 775 914 remittere,
796 858 822 908 ὅ(
835 859 869 906 ed
884 857 1024 911 sermonen

330 933 433 981 transire
445 929 566 997 oportet(
577 931 777 981 commutationes
788 931 854 980 enim
866 933 987 993 faciunt,
1001 947 1023 985 ut

329 1005 398 1054 nullo
409 1021 498 1071 genere
508 1005 577 1054 vocis
588 1003 680 1062 effuso,
696 999 721 1052 in
733 1004 797 1053 omni
807 1020 874 1054 voce
886 1005 983 1076 integri
997 1010 1024 1058 si·

330 1079 406 1145 nius)
425 1078 544 1128 &acutas
558 1077 626 1126 vocis
643 1077 830 1128 exclamationes
847 1078 933 1130 vitare
948 1096 956 1132 t
970 1081 1023 1131 isius

330 1151 394 1200 enim
408 1149 455 1207 fit,
475 1152 501 1201 δε
510 1153 666 1200 vulnerantur
676 1150 771 1201 arteriae
786 1151 859 1201 acuti
870 1164 952 1220 atque
968 1167 1023 1205 atte-

330 1223 403 1274 nuati
420 1223 490 1272 nimis
502 1224 693 1283 acclamatione,
713 1225 772 1275 &si
787 1224 840 1290 quis
856 1225 1022 1291 splendores

329 1296 418 1354 vocis,
438 1297 583 1347 consumitur
592 1314 643 1346 uno
657 1301 763 1348 clamore
775 1297 916 1348 universus.
933 1300 969 1350 Et
979 1317 1022 1351 uno
1060 1308 1062 1313 '

329 1368 413 1435 spiritu
427 1370 582 1420 continenter
598 1371 673 1419 multa
689 1370 769 1419 dicere
788 1371 813 1419 in
829 1383 947 1421 extrema
966 1390 1022 1423 con-

329 1442 398 1491 venit
413 1443 524 1494 oratione
538 1460 545 1494 :
559 1443 642 1493 sauces
654 1443 717 1493 enim
733 1441 847 1493 calefiunt
857 1477 870 1503 ,
891 1444 919 1496 δι
930 1447 1022 1497 arteria

331 1518 502 1581 complentur,
521 1517 546 1566 ἃ
561 1532 628 1574 vox,
644 1533 697 1582 quae
711 1515 777 1566 varie
791 1516 898 1566 trasiata
914 1518 972 1580 esi,
989 1537 1021 1571 re·

331 1589 427 1640 ducitur
438 1591 462 1639 in
478 1590 604 1656 quemdam
616 1589 698 1640 sonum
715 1587 857 1656 aequabilem
868 1602 950 1659 atque
968 1610 1023 1643 con·

330 1662 438 1713 stantem.
457 1665 526 1728 Saepe
543 1680 623 1714 rerum
640 1675 731 1713 naturae
748 1663 823 1729 gratia
840 1660 958 1729 quaedam
974 1666 1023 1733 jure

331 1735 435 1786 debetur
447 1771 454 1795 ‚
466 1739 534 1786 velut
545 1737 634 1785 accidit
644 1737 668 1786 in
677 1737 721 1786 hac
732 1753 758 1786 re
769 1751 775 1785 :
785 1753 838 1785 nam
851 1754 910 1804 quae
922 1739 1022 1791 diximus

329 1809 359 1856 ad
369 1827 456 1860 vocem
474 1810 612 1862 servandam
628 1808 757 1876 prodesse,
773 1810 857 1859 eadem
876 1813 988 1865 attinent
997 1813 1022 1863 ad

318 1881 471 1934 suavitatem
485 1882 705 1950 pronuntiationist
722 1894 766 1940 ut,
785 1884 850 1948 quod
862 1885 956 1938 nostrae
969 1887 1021 1938 voci

330 1956 408 2020 prosit
419 1990 426 2015 ,
443 1957 506 2005 idem
516 1957 642 2021 voluptate
654 1955 769 2004 auditoris
780 1958 914 2021 probetur.

337 2060 339 2065 -
368 2043 413 2077 22.
431 2030 498 2078 Utile
510 2028 583 2077 estad
594 2026 762 2077 firmitudinem
773 2030 859 2087 vocis,
876 2031 966 2082 sedata
976 2050 1021 2083 sos

330 2099 355 2150 in
364 2101 493 2166 principio.
506 2100 572 2164 Quid
582 2100 716 2159 insuavius,
730 2105 798 2166 quim
810 2103 905 2154 clamor
917 2107 943 2156 in
956 2122 1022 2157 exot-

330 2175 371 2223 dio
385 2173 487 2224 cause?
511 2175 641 2224 intervalla
650 2191 742 2224 -vocem
759 2173 923 2229 confirmant:
940 2180 1023 2230 eadent

331 2246 460 2299 sententias
472 2248 641 2306 concinniotcs
657 2247 776 2298 divisione
788 2249 896 2301 reddunt
911 2287 919 2308 ,
938 2252 966 2304 δι
979 2248 1021 2303 ειί-

332 2323 403 2376 diroti
418 2323 516 2392 spatium
532 2323 654 2394 cogitandi
665 2322 811 2390 relinquunt.
829 2321 974 2383 Conservet
984 2345 1023 2380 vo·

331 2416 385 2450 cem
401 2401 508 2451 continui
523 2401 634 2455 clamoris
645 2399 765 2450 remissio.
780 2398 811 2448 Et
821 2400 964 2453 auditorem
977 2403 1021 2470 qui

331 2474 387 2524 dent
394 2475 497 2524 varietas
509 2473 613 2525 maxime
624 2473 744 2530 deleslatt
756 2489 829 2539 quum
844 2472 963 2529 sermone
974 2477 1023 2527 ani·

331 2565 395 2598 snum
411 2547 463 2614 ejus
475 2550 584 2609 retinet,
604 2560 646 2598 aut
659 2547 786 2599 exsuscitat
803 2547 923 2598 clamore.
945 2550 1023 2600 Acuta
1061 2538 1062 2555 ¹

331 2623 476 2673 exclamatio
492 2640 580 2673 vocem
595 2623 621 2673 δι
636 2623 719 2672 sauces
734 2621 844 2669 vulnerat
858 2637 864 2669 :
878 2624 969 2672 eadem
987 2624 1023 2673 lae·

333 2696 367 2745 dit
381 2696 516 2745 auditorem
531 2711 537 2744 :
550 2696 624 2744 habet
639 2695 702 2743 enim
713 2692 824 2758 quiddam
833 2693 958 2747 illiberale
972 2730 979 2755 ,
999 2698 1023 2747 bt

332 2767 363 2819 ed
373 2767 511 2817 muliebrem
522 2766 604 2832 potitis
619 2766 837 2824 vociferationem,
855 2770 930 2832 quam
944 2770 977 2819 ad
992 2770 1024 2820 vi·

332 2840 401 2891 rilem
421 2840 561 2908 dignitatem
579 2841 604 2888 in
624 2839 727 2891 dicendo
747 2840 973 2895 accommodatum.
996 2843 1024 2892 ln

333 2925 443 2963 extrema
457 2914 567 2964 oratione
584 2912 710 2964 continens
724 2929 774 2963 vox
784 2913 896 2963 remedio
907 2914 944 2964 esi
958 2915 1025 2966 voci.

334 2984 402 3048 Quid
415 2983 426 3036 i
442 2987 493 3037 hec
505 2987 590 3037 eadem
602 3003 682 3037 nonne
692 2987 794 3037 animum
806 2986 1028 3040 vehementissime

335 3060 447 3110 calefacit
462 3059 595 3119 auditoris,
610 3060 636 3110 in
651 3058 727 3111 totius
737 3058 903 3111 'conclusione
924 3060 1027 3113 causa?

286 3190 290 3195 ,
335 3133 457 3197 Quoniam
476 3133 548 3202 igitur
563 3149 604 3184 res
622 3132 713 3183 eaedem
727 3133 796 3183 vocis
812 3131 978 3194 firmitudini,
1001 3135 1028 3187 &

335 3206 534 3273 pronuntiationis
548 3205 691 3265 suavitudini
702 3206 802 3277 prosunt
810 3239 819 3268 ‚
834 3205 865 3259 de
879 3220 989 3279 utraque
1000 3225 1027 3261 re
