2400 4067
541 656 674 731 ''AD
728 659 1266 731 HERENNIUM
1317 659 1397 729 L.
1446 660 1562 730 ῙῙ.
1661 672 1766 753 29

385 794 505 846 pem
534 781 842 849 dequolibet
862 795 1106 832 rumorem
1133 779 1357 845 proferre
1378 810 1395 837 ,
1431 778 1491 828 Se
1514 775 1766 828 confictam

390 854 599 903 fabulam
636 856 888 921 dissipare.
930 856 1285 907 Verumtamen
1324 852 1366 901 si
1401 867 1565 900 rumor
1607 852 1766 901 vehe-

387 940 581 976 menter
615 929 874 993 probabilis
916 925 1009 976 esse
1050 924 1294 975 videbitur
1317 956 1334 983 ,
1385 925 1765 991 argumentando

386 999 529 1048 famae
568 999 711 1051 fidem
750 1000 1017 1069 poterimus
1052 1000 1308 1065 abrogare.
1354 995 1508 1060 Quod
1551 997 1603 1047 &
1639 995 1766 1047 diffi-

385 1073 569 1121 cillima
607 1073 811 1124 trastatu
855 1073 923 1123 est
961 1071 1238 1123 constitutio
1282 1068 1620 1136 conjesturalis
1650 1101 1666 1128 ‚
1709 1069 1772 1121 &-

383 1144 436 1195 in
471 1146 599 1197 veris
643 1147 801 1197 causis
837 1144 1093 1213 saepissime
1126 1143 1368 1194 trasianda
1404 1141 1472 1192 est
1492 1175 1509 1202 ,
1553 1140 1616 1192 eo
1652 1142 1767 1194 dili-

382 1215 580 1284 gentius
618 1236 785 1269 omnes
817 1218 924 1286 ejus
956 1231 1120 1285 partes
1150 1217 1437 1284 perscrutati
1472 1216 1669 1266 sumus·
1652 1251 1670 1275 ,
1707 1227 1765 1267 ut
1822 1250 1841 1270 ι

383 1307 450 1341 ne
481 1292 680 1356 parvula
713 1293 905 1359 quidem
934 1291 1228 1341 titubatione
1260 1302 1344 1344 aut
1373 1287 1642 1339 offensione
1675 1289 1765 1338 im·

383 1365 664 1430 pedii-emur
682 1399 697 1425 ,
732 1367 773 1416 si
793 1365 852 1415 ad
873 1365 996 1414 hanc
1016 1364 1256 1415 rationem
1276 1362 1617 1430 preceptionis
1640 1395 1656 1420 ‚
1689 1379 1766 1414 as-

382 1436 664 1487 siduitatem
695 1439 1059 1488 exercitationis
1093 1436 1583 1487 accommodaremus.
1617 1436 1764 1487 Nunc

384 1509 450 1558 ad
482 1510 708 1576 legitimae
743 1510 1091 1561 constitutionis
1123 1522 1289 1573 partes
1319 1508 1635 1558 transeamus.

463 1581 559 1640 IX.
596 1581 761 1644 Quum
788 1583 1016 1631 voluntas
1042 1580 1286 1644 scriptoris
1317 1596 1427 1628 cum
1455 1579 1633 1644 scripto
1668 1579 1767 1629 dis-

387 1652 550 1705 sidere
587 1653 833 1704 videbitur
856 1685 872 1712 ,
908 1653 950 1703 si
974 1670 1001 1702 a
1025 1651 1204 1717 scripto
1236 1651 1451 1701 dicemus
1473 1683 1489 1710 ‚
1532 1653 1620 1702 his⁴
1642 1653 1766 1704 locis

386 1740 582 1776 utemur
616 1759 633 1785 ,
690 1723 946 1777 secundum
986 1725 1314 1776 narrationem
1353 1740 1369 1775 t
1405 1723 1609 1792 primum
1650 1724 1769 1776 scri-

383 1799 543 1866 ptoris
582 1799 941 1850 collaudatione
970 1813 986 1850 2
1024 1798 1199 1849 deinde
1230 1797 1391 1865 scripti
1426 1798 1717 1848 recitatione
1743 1815 1763 1850 t

384 1872 562 1922 deinde
605 1872 1001 1938 percunctatione
1027 1904 1043 1931 ‚
1085 1870 1627 1930 scirentne-adversarii
1652 1904 1667 1931 ,
1708 1871 1762 1923 id

380 1945 612 2011 scriptum
644 1945 779 1996 fuisse
813 1945 863 1995 in
899 1947 1011 2012 lege
1040 1978 1055 2003 ,
1104 1957 1188 1994 aut
1224 1945 1276 1994 in
1307 1944 1592 1995 testamento
1617 1979 1633 2006 ,
1673 1957 1761 1996 aut

379 2017 433 2070 in
463 2018 763 2086 stipulatione
788 2051 804 2077 ,
842 2031 926 2069 aut
958 2019 1008 2068 in
1039 2019 1261 2086 quolibet
1293 2018 1502 2085 scripto,
1536 2018 1668 2085 quod
1695 2018 1760 2069 ad

380 2092 604 2143 eamdem
632 2109 735 2143 rem
766 2093 1027 2159 pertineat.
1065 2091 1264 2141 Deinde
1298 2090 1563 2142 collatione
1583 2125 1601 2151 ‚
1637 2092 1759 2159 quid

380 2164 613 2230 scriptum
654 2166 720 2217 sit
741 2199 759 2222 ‚
809 2165 923 2232 quid
962 2164 1218 2216 adversarii
1254 2163 1302 2214 se
1338 2164 1501 2215 feciffe
1544 2165 1704 2216 dicant
1734 2182 1756 2226 ς

378 2236 500 2304 quid
530 2237 743 2304 judicem
784 2237 919 2305 sequi
962 2237 1224 2288 conveniat
1245 2269 1261 2295 ‚
1300 2235 1459 2288 utrum
1495 2237 1545 2288 id
1568 2270 1584 2297 ‚
1622 2239 1757 2305 quod

379 2311 639 2377 diligenter
666 2311 983 2379 perscriptum
1009 2310 1073 2363 sit
1093 2343 1109 2371 ,
1147 2327 1209 2361 an
1235 2309 1287 2361 id
1306 2343 1323 2369 ,
1358 2310 1495 2383 quod
1518 2311 1662 2364 acute
1690 2313 1757 2365 sit

379 2384 755 2466 excogitatumz
796 2384 973 2434 deinde
1011 2400 1071 2434 ea
1104 2383 1381 2442 sententia,
1425 2400 1532 2449 quae
1566 2385 1628 2435 ab
1665 2386 1774 2436 ad-'

378 2453 605 2509 versariis
628 2455 692 2504 sit
708 2456 1025 2521 excogitata,
1065 2456 1118 2508 δι
1138 2454 1315 2520 scripto
1336 2456 1604 2516 attributa,
1638 2475 1754 2509 con-

377 2539 628 2579 temnetur
663 2527 715 2579 &
734 2524 1065 2577 infirmabitur.
1100 2525 1299 2576 Deinde
1318 2538 1599 2592 queretur,
1638 2530 1755 2598 quid

378 2600 430 2651 ei
464 2600 719 2658 obfuerit,
752 2598 793 2651 si
827 2599 877 2649 id
904 2594 1129 2650 voluifl‘et
1157 2597 1469 2657 adscribere,
1504 2615 1618 2650 num
1652 2617 1754 2654 non

374 2673 598 2742 potuerit
633 2672 883 2740 perscribi.
928 2672 1125 2727 Deinde
1165 2688 1196 2729 a
1228 2671 1369 2726 nobis
1403 2671 1641 2727 sententia
1675 2691 1755 2726 re-

375 2747 596 2814 perietur
618 2778 633 2805 ,
669 2746 723 2797 &
755 2744 893 2796 causa
926 2745 1244 2811 proferetur,
1281 2760 1431 2813 quare
1461 2745 1512 2796 id
1547 2745 1755 2815 scriptor

375 2819 605 2878 senserit.
647 2819 779 2886 quod
797 2818 1111 2884 perscripsit.
1135 2817 1189 2871 &
1221 2817 1617 2871 demonstrabitur
1641 2820 1755 2874 scri-

375 2904 514 2962 ptum
533 2890 653 2946 illud
673 2889 768 2944 effe
791 2890 999 2943 dilucide
1019 2892 1303 3003 φωνῆς,
1352 2919 1387 2942 ·.
1417 2925 1418 2928 η
1495 2916 1508 2943 ιἸ
1600 2928 1616 2952 ,
1747 2920 1748 2923 =

376 2963 546 3021 fecie,
584 2977 719 3018 certa
751 2981 863 3021 cum
892 2964 1099 3017 ratione.
1139 2964 1348 3016 -Πιῑικῗ

376 3037 634 3097 fierentur,
668 3053 776 3105 qua
794 3053 876 3090 res
895 3071 913 3097 ‚
949 3053 1095 3105 quum
1116 3040 1175 3088 nh
1207 3040 1267 3092 ad
1287 3042 1318 3087 5¹*

375 3106 667 3160 redderetur
684 3141 704 3169 ,
739 3109 796 3161 δε
817 3112 1046 3165 voluntas
1073 3108 1234 3163 affert
1263 3116 1311 3163 ,μ’

374 3176 474 3239 aas
500 3177 729 3254 joam
753 3180 872 3259 aas.
895 3180 1107 3252 nena-
1151 3196 1191 3229 vn
