2400 4067
331 473 413 568 '184
460 476 534 544 Dc
559 474 893 546 tnrauttour
928 476 945 485 ''

331 591 465 675 quamvis
482 589 640 651 scientiam.
662 587 700 648 Et
721 590 793 650 item
814 588 950 671 corporis
969 588 1022 658 ali-

372 693 418 733 am
432 671 693 745 commoditatem,
706 690 766 731 non
782 671 886 730 natura
900 671 1022 748 datam,

344 752 382 814 ed
402 751 496 813 studio
517 753 549 814 &
569 749 703 813 industrii
724 768 847 832 partam.
868 749 1023 828 Affefflo,

330 832 374 896 est
393 837 503 908 animi,
522 849 571 894 aut
590 835 722 914 corporis
737 852 774 893 ex
790 848 954 913 tempore,
974 833 1024 895 ali·

329 935 388 997 qua
413 915 451 976 de
476 913 579 987 causa,
600 915 821 988 commutatio,
843 930 878 972 ut
897 913 1022 992 laetitia,
1044 980 1047 985 ,

328 996 492 1076 cupiditas,
504 1015 599 1057 metus
612 1041 622 1070 ,
634 991 766 1054 molestia
779 1038 789 1068 ,
807 993 954 1070 morbus,
967 995 1021 1058 de·

328 1076 447 1150 bilitas,
470 1076 578 1137 &alia
602 1122 612 1149 ,
636 1097 699 1157 quae
722 1095 829 1159 genere
853 1078 884 1135 in
909 1076 1021 1140 eodem

329 1161 520 1239 reperiuntur.
544 1157 677 1218 Studium
702 1174 832 1230 autem,
864 1154 908 1219 est
930 1161 1021 1222 animi

328 1240 473 1314 assidua,
504 1239 537 1298 ὃ(
559 1239 720 1299 vehemens
744 1237 781 1296 ad
805 1238 932 1320 aliquam
954 1261 1019 1302 retn

311 1320 474 1403 applicata
495 1340 602 1403 magna
623 1339 690 1379 cum
709 1318 863 1380 voluntate
885 1341 1020 1402 occupa·

326 1403 371 1463 tio
391 1448 402 1478 ,
421 1419 454 1462 ut
476 1399 688 1483 philosophia,
708 1402 838 1481 po'e'tices
859 1445 869 1475 ,
890 1421 1020 1484 geome-

323 1484 413 1557 ttiae,
438 1483 607 1543 litterarum.
630 1479 818 1554 Consilium,
841 1479 883 1542 est
908 1482 1019 1565 aliquid

327 1562 476 1639 faciendi,
500 1582 549 1624 aut
572 1584 634 1624 non
655 1562 781 1623 faciendi
802 1563 873 1624 vere
897 1568 1018 1648 excogi-

327 1659 390 1705 tata
414 1648 500 1706 ratio.
530 1644 617 1705 Facta
641 1660 770 1716 autent,
801 1644 832 1704 &
854 1642 958 1720 casus,
982 1646 1016 1708 &

328 1727 477 1787 orationes
499 1726 589 1786 tribus
614 1745 650 1786 ex
673 1724 853 1806 temporibus
876 1725 1017 1788 conside-

325 1807 465 1870 rabuntur
490 1827 499 1865 z
523 1806 592 1887 quid
623 1805 756 1880 fecerit,
788 1823 837 1867 aut
861 1808 931 1889 quid
960 1809 1017 1889 ipsi

325 1889 482 1962 acciderit,
502 1904 550 1946 aut
571 1886 641 1969 quid
660 1888 763 1948 dixerit
782 1909 791 1960 3
812 1905 860 1947 aut
880 1889 950 1970 quid
970 1887 1016 1950 fa·

326 1971 406 2045 ciat,
423 1967 492 2050 quid
512 1971 568 2050 ipsi
586 1968 722 2042 accidat,
740 1969 810 2051 quid
829 1969 906 2029 dicat
928 1990 939 2046 3
963 1987 1016 2032 aut

324 2051 396 2132 quid
416 2048 539 2110 fadlums
561 2051 621 2124 sit,
639 2048 709 2131 quid
730 2053 785 2132 ipsi
804 2049 934 2111 casurum
955 2054 1013 2126 sit,

324 2131 385 2271 gud
401 2132 438 2192 sit
454 2129 553 2190 usurus
570 2133 715 2192 oratione.
737 2133 783 2192 Ac
800 2131 929 2212 personis
950 2134 1015 2216 q'ui-

347 2232 394 2274 em
416 2211 477 2271 haec
499 2211 635 2273 videntur
657 2210 713 2274 elle
734 2213 882 2274 attributa.

366 2291 506 2354 XXVI.
528 2293 663 2379 Negotiis
684 2312 781 2354 autem
799 2316 862 2376 quae
882 2292 947 2354 sunt
966 2311 1013 2355 at·

324 2376 456 2451 tributa,
477 2378 583 2457 partim
602 2377 664 2437 sunt
681 2377 857 2436 continentia
869 2396 935 2436 cum
949 2375 1013 2458 ipso

324 2459 471 2539 negotio,
489 2460 593 2538 partim
613 2461 644 2517 in
682 2455 790 2518 estione
810 2459 919 2540 negotii
937 2478 1011 2518 con·

324 2537 505 2612 siderantur,
518 2541 623 2620 partim
637 2478 770 2618 adjundia
784 2541 904 2622 negotio
924 2536 1010 2614 sunt,

323 2620 431 2698 partim
461 2615 573 2699 gestum
603 2622 753 2703 negotium
786 2619 1011 2701 consequuntur.

324 2693 516 2758 Continentia
539 2719 606 2759 cum
630 2700 692 2781 ipso
718 2703 838 2783 negotio
863 2699 925 2761 funt
950 2722 986 2763 ea
998 2747 1010 2778 ,

324 2799 390 2861 quae
406 2778 518 2860 semper
536 2778 621 2839 affixa
638 2779 694 2841 elle
710 2783 846 2843 videntur
865 2781 902 2842 ad
920 2803 1010 2858 rem,

322 2878 419 2942 neque
436 2859 477 2921 ab
492 2879 527 2920 ea
546 2857 661 2942 poliunt
677 2861 809 2944 separari.
823 2863 866 2924 Ex
883 2862 927 2922 his
944 2866 1011 2946 pri·

284 2958 286 2961 ’
323 2961 373 3001 ma
396 2939 436 3001 est
457 2940 554 3002 brevis
574 2943 738 3024 complexio
758 2949 847 3006 totius
870 2946 1008 3026 negotii,

324 3043 389 3106 quae
406 3021 548 3088 summam
564 3026 693 3090 continet
710 3025 799 3108 fatti,
818 3028 875 3092 hoc
892 3027 1008 3090 modo:
