2400 4067
253 482 332 561 314
384 464 456 532 Da
483 462 813 529 ravennana

253 577 389 651 tidiano,
417 594 502 657 atque
523 575 650 655 imperiis
675 572 840 634 domesticis
862 573 939 637 rede

154 730 156 734 Ι
252 656 334 738 polle
361 655 573 729 administrari,
602 658 625 714 si
650 652 839 737 unusquisque
866 658 940 722 velit

251 739 343 799 verba
366 738 519 819 spellare,
550 737 581 797 &
606 757 666 797 non
691 735 728 796 ad
752 737 940 802 voluntatem

253 816 339 899 ejus,
377 822 406 878 ui
421 818 514 880 verba
528 818 685 890 habuerit,
702 818 856 879 accedere.

294 840 435 961 xudlll.
451 898 571 960 Deinde
587 920 624 959 ex
638 898 765 959 utilitatis
783 900 817 960 &
832 901 940 963 hones·

251 984 317 1040 tatis
338 982 467 1063 partibus
488 979 672 1054 ostendere,
701 979 789 1062 qulam
811 982 938 1058 inutile,

250 1079 300 1121 aut
322 1062 409 1142 quam
432 1080 517 1143 turpe
538 1066 573 1121 sit
596 1061 651 1135 id,
679 1061 759 1142 quod
783 1062 937 1124 adversarii

250 1142 347 1203 dicant
364 1142 427 1203 fieri
446 1141 628 1223 oportuille,
649 1160 696 1203 aut
717 1160 882 1223 oportere:
904 1145 935 1206 &

249 1223 301 1297 id,
319 1224 400 1307 quod
413 1246 467 1284 nos
482 1224 657 1296 fecerimus,
676 1240 723 1282 aut
736 1221 935 1303 postulemus,

270 1304 336 1364 udm
365 1306 435 1365 utile
459 1351 469 1379 ,
501 1321 550 1364 aut
581 1303 668 1385 quam
700 1302 856 1365 honestum
890 1308 934 1368 sit.

247 1326 369 1448 beinde
391 1386 471 1469 leges
489 1386 574 1447 nobis
593 1407 672 1446 caras
691 1383 748 1445 elle
765 1408 828 1446 non
845 1409 935 1472 prop·

247 1483 292 1527 ter
309 1468 439 1541 litteras,
461 1490 524 1548 quae
540 1484 642 1527 tenues
661 1467 693 1526 ὃ(
710 1467 838 1528 obscurae
856 1487 934 1529 notae

247 1549 304 1607 sint
325 1548 509 1624 voluntatis,
538 1546 589 1609 sed
615 1565 737 1630 propter
759 1569 862 1609 earum
886 1571 935 1612 re·

246 1650 334 1703 rum,
354 1631 457 1712 quibus
474 1630 511 1691 de
527 1628 661 1710 scripturn
678 1628 739 1702 est,
757 1630 933 1706 utilitatem,

247 1710 281 1770 &
301 1732 426 1785 eorum,
465 1714 494 1770 ui
512 1709 692 1792 scripserint,
712 1709 739 1770 sa
761 1714 882 1772 ientiam
901 1714 932 1773 &

247 1791 436 1872 diligentiam.
446 1734 582 1864 l'ostea,
602 1791 671 1873 quid
689 1793 724 1850 sit
738 1732 807 1866 lenc,
830 1792 933 1854 descri-

246 1872 338 1944 bere,
362 1890 394 1932 ut
416 1893 451 1931 ea
470 1872 604 1931 videatur
624 1874 653 1931 in
672 1870 847 1949 sententiis,
873 1895 931 1936 non

185 2017 201 2035 μ
246 1953 277 2011 in
293 1952 390 2013 verbis
409 1950 587 2026 consistere3
607 1950 743 2032 &judex
757 1957 780 2013 is
798 1955 932 2017 videatur

245 2032 303 2114 legi
323 2035 553 2115 obtemperare,
578 2037 626 2115 qui
647 2033 819 2095 sententiam
841 2034 931 2115 ejus,

244 2134 306 2174 non
335 2119 384 2196 qui
411 2116 578 2196 scripturam
604 2114 745 2194 sequatur.
777 2114 932 2193 Deinde,

244 2194 332 2276 qudm
351 2196 502 2279 indignum
520 2199 581 2266 sit,
605 2195 713 2255 eodem
732 2193 808 2256 affici
825 2196 933 2281 suppli·

243 2280 291 2336 cio
313 2297 404 2351 eum,
431 2280 479 2359 qui
500 2293 623 2359 propter
645 2276 762 2358 aliquod
783 2276 875 2339 scelus
898 2280 931 2340 &

243 2359 393 2418 audaciam
412 2376 513 2419 contra
530 2359 628 2440 legem
643 2357 769 2432 fecerit,
790 2359 823 2419 &
841 2381 931 2436 eum,

242 2441 291 2519 qui
307 2438 447 2514 honesta,
464 2457 513 2498 aut
527 2439 680 2500 necessaria
697 2440 733 2500 de
749 2438 850 2514 causa,
868 2464 930 2503 non

241 2519 278 2578 ab
296 2520 459 2593 sententia,
476 2519 527 2581 sed
545 2522 581 2580 ab
598 2522 696 2581 litteris
716 2522 787 2601 legis
806 2521 931 2585 recesse-

241 2602 288 2659 rit.
311 2599 410 2681 Atque
427 2601 493 2674 his,
514 2602 547 2661 &
564 2601 728 2681 hujusmodi
746 2604 931 2679 rationibus,

242 2678 276 2738 &
294 2682 386 2762 accipi
402 2683 538 2754 causam,
558 2681 591 2742 &
608 2685 637 2741 in
656 2683 709 2741 hac
727 2682 792 2763 lege
806 2686 930 2766 accipi,

243 2759 276 2819 &
293 2780 358 2821 eam
374 2764 507 2838 causam,
523 2784 611 2843 quam
625 2762 683 2843 ipse
700 2761 820 2837 afferat,
841 2788 933 2848 opor·

240 2855 303 2902 tere
319 2846 409 2924 accipi
426 2842 641 2906 demonstrabit.

286 2944 351 2999 ¹42·
367 2924 405 2985 Et
423 2924 673 3007 quemadmodum
690 2926 717 2985 ei
735 2924 931 3004 dicebamus,

239 3006 290 3082 qui
311 3029 328 3067 a
350 3006 455 3090 scripto
478 3007 613 3082 diceret,
640 3006 698 3069 hoc
719 3004 785 3070 sore
809 3010 931 3082 utilissia
