2400 4067
341 537 420 613 ςμ
531 512 850 605 Gauron

339 633 407 708 bus,
418 652 508 693 unum
518 631 688 715 selegimus,
703 631 760 692 hoc
771 677 782 706 ,
793 631 878 714 quod
888 631 916 692 in
930 635 1025 712 causis,

340 712 467 795 foroque
476 711 616 787 versatur,
630 712 668 773 de
680 733 739 794 quo
752 711 928 774 diceremus.
951 715 1023 799 Ergo

339 795 370 854 in
382 795 462 867 aliis,
480 793 511 853 id
525 792 583 867 est,
595 797 625 853 in
638 791 772 867 historia,
789 792 862 853 &in
877 814 937 870 eo,
949 798 1023 878 quod

339 897 356 933 a
379 874 519 955 pellamus
538 871 721 946 iurlrrzlmiv,
742 872 841 954 placet
859 879 961 936 omnia
976 879 1023 937 dici

336 896 509 1028 Ilbcrateo‚
537 952 820 1037 Theopompeoque
850 977 958 1032 more,
983 959 1023 1018 illi

338 1033 602 1116 circumscriptione
613 1079 623 1108 ‚
634 1033 820 1116 ambituque,
839 1054 873 1096 ut
883 1055 1023 1120 tamquam

337 1114 368 1174 in
380 1115 452 1177 orbe
465 1113 569 1176 inclusa
580 1131 674 1177 currat
684 1118 799 1191 oratio,
812 1119 915 1199 quoad
926 1119 1023 1179 insistat

337 1197 370 1290 in
385 1194 502 1279 singulis
523 1192 679 1279 persedis,
705 1194 901 1280 absolutisque
914 1192 1023 1263 senten·

336 1291 392 1337 tus.

381 1354 450 1419 208.
475 1354 517 1418 lta
559 1377 576 1417 e
595 1352 785 1439 posteaquam
812 1352 857 1419 est
878 1377 948 1421 nata
969 1361 1022 1422 haec

337 1435 388 1508 uel
405 1379 642 1518 circumdiiptm,
656 1438 705 1499 vel
717 1440 969 1518 comprehensio,
980 1442 1022 1503 vel

337 1520 542 1594 continuatio,
561 1518 611 1579 vel
625 1517 769 1592 ambitus,
793 1521 818 1576 si
837 1521 879 1579 ita
900 1522 969 1583 licet
986 1522 1021 1582 di·

336 1620 428 1673 cere;
448 1620 558 1673 nemo,
578 1600 626 1680 qui
639 1599 734 1681 aliquo
750 1597 822 1659 esset
837 1603 868 1661 in
884 1624 1021 1677 numero,

336 1676 390 1757 scri
411 1682 446 1739 sit
458 1678 621 1763 orationem
630 1680 743 1759 generis
757 1676 844 1760 ejus,
862 1684 948 1764 quod
964 1682 1022 1745 esset

335 1760 375 1821 ad
386 1702 610 1822 deledlatio'nem
619 1778 819 1840 comparatum
831 1807 841 1836 ,
863 1782 1021 1826 remotum-

337 1861 394 1923 que
412 1838 553 1920 ajudiciis
572 1840 736 1922 forensique
755 1845 944 1918 certamine,
963 1849 1020 1927 quin

336 1920 482 2004 redigeret
502 1940 606 1981 omnes
627 1919 688 1982 sere
708 1924 737 1980 in
756 1922 904 2005 quadr-um
925 1947 1020 1986 nume·

335 2022 459 2085 rumque
478 1999 643 2081 sententias.
674 2000 751 2062 Nam
768 2025 862 2084 quum
882 2008 907 2066 is
926 2005 965 2069 est
979 2028 1020 2067 au·

338 2080 436 2157 ditor,
462 2084 511 2163 qui
526 2104 587 2142 non
605 2100 761 2158 vereatur,
787 2105 829 2144 ne
855 2091 1020 2170 composita

337 2165 476 2226 orationis
495 2163 602 2223 insidiis
616 2158 663 2222 sua
676 2162 748 2223 fides
759 2181 947 2244 attentetur,
964 2191 1020 2252 gra-

337 2248 408 2306 tiam
420 2265 536 2386 quoque
552 2243 641 2306 habet
657 2247 784 2320 oratori,
807 2247 961 2330 voluptati
979 2271 1022 2309 au·

337 2349 412 2386 rrum
433 2343 564 2407 ervrentr.
844 2376 848 2387 .
886 2377 890 2385 .

349 2405 353 2415 ’
379 2404 473 2467 LXII.
487 2402 589 2467 Genus
603 2423 700 2486 autem
709 2404 767 2464 hoc
778 2409 929 2470 orationis
939 2429 1020 2492 neque
1063 2434 1065 2451 ¹

337 2503 433 2549 toturn
447 2483 646 2548 allumendutn
662 2484 702 2547 est
714 2484 751 2545 ad
763 2486 865 2567 causas
884 2488 1021 2563 forenses,

337 2589 434 2650 neque
445 2570 565 2629 omnino
575 2565 798 2648 repudiandum.
821 2567 855 2628 Si
866 2575 950 2633 enim
961 2572 1022 2632 sem·

338 2650 393 2730 per
412 2666 513 2723 utare,
527 2670 625 2729 „quom
643 2646 802 2707 satietatem
820 2648 933 2728 affert,
953 2671 1022 2725 tun,

360 2729 423 2790 nale
439 2732 495 2800 sit,
523 2731 611 2789 eriam
631 2729 667 2788 ab
686 2730 828 2808 imperitis
852 2733 1020 2816 agnoscitur.

337 2752 474 2887 lbetrahit
493 2827 633 2892 praeterea
653 2807 770 2885 adionis
792 2808 961 2892 dolorem,
981 2835 1022 2874 ru·

321 2878 393 2969 ,sert
412 2893 571 2953 humanum
589 2889 699 2951 sensum
717 2878 844 2965 adoris,
869 2898 952 2957 tollit
969 2895 1021 2956 fun·

337 2973 412 3044 ditus
431 2977 586 3036 veritatem
603 2971 636 3033 &
651 2969 751 3039 fidem.
780 2968 868 3049 Sed,
894 2980 1021 3059 quoniam

337 3052 505 3129 adhibenda
521 3071 740 3147 nonuunquam
752 3048 816 3131 esi,
835 3058 975 3135 primirnr
990 3058 1023 3119 ri·
