2400 4067
510 452 1095 520 Rffmosszm
1155 457 1354 523 [ΑΒ.
1409 459 1465 524 I.
1592 458 1741 550 167

367 570 853 634 benevolentiam
913 590 1049 627 com
1094 591 1255 630 arare
1319 571 1516 630 licebit
1575 592 1590 630 τ
1654 574 1743 631 sin

370 668 540 715 erunt
586 650 973 712 vehementer
1009 672 1043 708 a
1088 651 1321 711 alienati
1355 695 1379 726 ,
1420 649 1742 734 confugere

370 730 601 796 necesse
655 732 763 791 erit
806 729 880 789 ad
925 731 1377 794 insinuationem
1421 755 1437 792 :
1487 754 1626 793 nam
1668 734 1744 793 ab

372 816 529 879 iratis
571 815 620 872 si
663 809 961 894 perspicue
1006 835 1119 894 pax
1146 858 1168 887 ,
1217 814 1284 874 &
1327 815 1749 875 benevolentia

372 897 592 981 petitur
621 915 642 966 ;
669 915 791 954 non
822 892 1005 953 modo
1038 915 1108 955 ea
1138 917 1263 955 non
1294 896 1623 970 invenitur,
1647 895 1750 956 sed

377 999 452 1038 au
493 994 623 1037 etur
653 994 827 1056 atque
859 975 1249 1036 inflammatur
1283 977 1504 1037 odium.
1545 976 1614 1038 In
1644 979 1755 1036 hu·-

379 1060 503 1125 mii
541 1073 739 1116 autem
775 1076 994 1138 genere
1029 1056 1210 1117 causae
1231 1103 1251 1131 ,
1292 1060 1752 1140 contemptionis

379 1138 659 1202 tollendae
693 1138 863 1196 causa
884 1136 1164 1210 ,·neceffe
1198 1141 1306 1200 erit
1342 1157 1628 1200 attentum
1667 1139 1759 1200 ef·-

379 1219 559 1281 ficere
594 1219 939 1279 auditorem.
966 1219 1212 1301 Anceps
1240 1241 1422 1302 genus
1455 1220 1635 1281 causae
1655 1267 1675 1295 ‚
1705 1223 1758 1282 si

382 1301 622 1362 dubiam
652 1297 1071 1379 judicationem
1102 1301 1342 1362 habebit
1362 1349 1381 1376 ‚
1409 1303 1483 1361 ab
1516 1302 1636 1384 ipsa
1665 1301 1757 1382 ju-

385 1383 680 1444 dicatione
728 1382 1155 1442 exordiendum
1206 1381 1288 1442 est
1342 1403 1357 1440 ε
1415 1387 1503 1442 sin
1557 1403 1756 1444 autern

432 1481 617 1525 artem
655 1463 1023 1544 turpitudinis
1067 1463 1132 1523 &
1170 1482 1400 1544 partem
1441 1463 1759 1524 honestatis

385 1487 629 1606 Eabebit
657 1588 680 1619 ,
716 1544 1195 1604 benevolentiam
1237 1561 1469 1626 captare
1510 1564 1762 1627 oporte·-

388 1627 478 1690 bit
500 1672 520 1700 ,
549 1642 612 1687 ut
634 1627 695 1685 in
771 1646 913 1686 enus
945 1624 1254 1685 honestum
1291 1625 1455 1686 causa
1491 1626 1764 1687 transsata

388 1707 676 1770 videatur.
766 1728 906 1766 uum
932 1724 1129 1765 autem
1155 1709 1263 1767 erit
1287 1705 1595 1768 honestum
1625 1729 1766 1767 cau-

346 1809 356 1825 ·
388 1789 464 1850 sse
503 1810 726 1873 geum,
763 1788 863 1848 vel
895 1789 1172 1868 praeteriri
1205 1789 1553 1870 principium
1589 1811 1766 1870 pote-

388 1873 461 1934 rit
480 1913 503 1945 ‚
532 1871 678 1942 vel,
707 1869 755 1927 si
779 1869 1163 1928 commodum
1193 1869 1366 1929 fuerit
1389 1915 1408 1943 ‚
1436 1888 1534 1930 aut
1562 1893 1598 1929 a
1626 1893 1766 1930 nar-

394 1954 620 2012 ratione
659 1951 1002 2031 incipiemus
1037 1993 1060 2022 ‚
1104 1966 1204 2008 aut
1255 1973 1288 2009 a
1326 1950 1460 2032 lege
1488 1997 1510 2024 ‚
1551 1971 1649 2010 aut
1690 1953 1767 2012 ab

392 2034 584 2116 aliqua
616 2030 942 2092 firmissima
966 2031 1194 2089 ratione
1225 2029 1433 2090 nostrae
1469 2032 1768 2093 dictionis:

395 2117 486 2174 sin
530 2115 614 2174 uti
648 2114 933 2194 principio
990 2109 1246 2191 placebit
1272 2157 1292 2185 ‚
1337 2112 1772 2174 benevolentia

399 2197 660 2276 partibus
693 2193 979 2255 utendum
1028 2188 1110 2249 est
1134 2234 1154 2262 ‚
1197 2208 1263 2249 ut
1292 2191 1354 2250 id
1379 2237 1399 2263 ‚
1439 2194 1600 2272 quod
1645 2193 1728 2254 est
1749 2237 1774 2267 ‚

397 2291 699 2355 augeatur.
747 2270 817 2328 ln
859 2267 1117 2329 obscuro.
1147 2268 1326 2327 causae
1362 2291 1578 2350 genere
1608 2317 1627 2344 ,
1667 2294 1776 2352 per

397 2353 753 2438 principium
782 2347 1004 2406 dociles
1026 2347 1320 2407 auditores
1341 2347 1573 2410 efficere
1595 2373 1780 2430 opor-

401 2437 574 2496 tebit.

493 2510 665 2574 XVI.
708 2509 880 2570 Nunc
904 2556 923 2585 ‚
957 2510 1236 2590 quoniam
1259 2553 1280 2583 ‚
1313 2531 1454 2591 quas
1485 2530 1577 2570 res
1610 2531 1785 2582 exors-

407 2597 508 2658 dio
547 2592 836 2656 conficere
873 2606 1188 2672 oporteat,
1225 2590 1438 2650 dicium
1473 2591 1555 2652 est
1592 2614 1610 2665 ;
1647 2592 1782 2653 reli·

404 2700 588 2761 quum
624 2675 705 2736 est
727 2720 749 2749 ,
784 2691 846 2733 ut
880 2671 1215 2734 ostendatur
1239 2720 1259 2744 ἵ,
1295 2676 1499 2752 quihus
1535 2694 1784 2756 ηυξ-εἰπε

406 2781 500 2821 res
534 2757 848 2819 rationibus
882 2752 1094 2816 confici
1125 2759 1331 2834 possit.

500 2861 595 2899 22.
625 2834 1047 2897 Benevolentia
1071 2856 1319 2914 quatum
1343 2856 1415 2896 ex
1445 2836 1587 2896 locis
1615 2856 1648 2896 c

410 2938 643 3012 paratur
670 2939 684 2975 :
715 2919 787 2975 ab
816 2915 1007 2975 nostra
1026 2961 1045 2988 ,
1073 2916 1147 2976 ab
1179 2916 1676 2991 adversariorum,

408 3002 673 3086 jud-tcum
710 2995 995 3080 persona,
1028 2995 1101 3056 ab
1138 2996 1255 3078 ipsa
1291 2996 1471 3060 causa.
1503 2996 1606 3056 Ah
