2400 4067
384 362 710 435 Onrrronrae.
811 391 887 464 347

203 474 265 534 sum
277 477 376 533 versos
385 519 394 546 ,
403 494 539 557 retroque
552 479 660 539 dicatur
670 502 679 551 3
691 481 796 541 deinde
806 485 886 544 idem

203 553 355 629 intercise,
372 574 457 637 atque
474 558 618 638 permiste.
649 560 816 642 Eloquendi
832 586 887 624 au-

202 655 267 698 tem
279 640 448 697 exercitatio
465 641 589 699 maxime
608 644 640 700 in
652 643 711 704 hoc
727 660 795 704 toto
809 666 887 706 ton·

201 717 339 780 vertendi
351 738 459 799 genere
471 720 608 780 versatur.

245 816 297 879 25·
324 797 447 859 qus.
467 798 556 860 Aetio
578 804 667 884 igitur
688 802 832 901 sequimi,
852 822 886 868 nt

200 900 321 960 opinor.
339 879 460 940 Parta.
480 880 529 940 Est
541 885 599 942 ita:
614 905 680 965 quae
688 887 809 967 quadem
820 908 888 948 ora·

199 962 261 1019 nori
288 961 410 1020 &cum
430 981 554 1037 rerum,
585 965 618 1022 &
638 986 705 1024 cum
724 969 885 1030 verborum

202 1044 361 1101 momentis
372 1044 580 1103 commutanda
591 1048 716 1106 maxime
725 1047 775 1108 est.
802 1049 885 1111 Facit

201 1125 280 1182 enim
302 1122 336 1181 &
358 1122 511 1183 dilucidam
532 1129 722 1201 orationem,
749 1130 782 1190 &
803 1130 885 1191 illus·

199 1219 298 1276 trem,
321 1202 355 1264 δι
431 1204 579 1279 habilem,
603 1207 636 1264 δι
656 1207 794 1284 suavem,
821 1234 885 1273 non

199 1284 319 1356 verbis,
408 1288 550 1347 varietate
562 1306 694 1363 vocum,
712 1308 797 1350 motu
814 1314 883 1353 cot·

197 1367 297 1448 potis,
318 1364 419 1438 vultu,
438 1387 503 1447 quae
513 1367 670 1447 plurimirm
684 1370 844 1446 valebunt,
858 1376 885 1434 si

198 1466 268 1506 eum
281 1448 421 1504 orationis
431 1467 539 1529 genere
550 1447 751 1525 consentient,
765 1450 884 1537 ejusque

199 1526 719 1609 vimacvatietatenrsubsequentur.
918 1591 921 1598 ,

242 1606 435 1668 26.1²1uus.
456 1608 537 1668 Num
553 1610 694 1691 quidnam
712 1609 751 1672 de
762 1631 883 1674 oratore

197 1687 263 1770 ipso
282 1685 396 1749 restat?
423 1687 545 1750 Pam.
568 1690 648 1750 Nihil
667 1690 733 1752 sane
748 1738 758 1767 ‚
776 1714 883 1776 ptaeter
905 1714 909 1721 ·

199 1771 400 1844 memoriam,
429 1791 493 1851 quae
513 1768 554 1832 est
575 1775 693 1854 gemina
714 1775 882 1836 litteraturae

199 1850 423 1932 quodammodo
435 1896 445 1924 ,
464 1853 497 1911 ἃ
509 1855 539 1911 in
551 1851 680 1914 dissimili
699 1875 805 1936 genere
815 1879 885 1938 per-

201 1932 311 1990 similis.
336 1931 415 1990 Nam
425 1949 457 1989 ut
468 1933 518 1991 illa
535 1933 646 1993 constat
663 1955 699 1994 ex
711 1940 788 1996 notis
804 1938 884 1998 litte-

199 2032 318 2084 rarum,
337 2012 418 2071 &ex
429 2030 485 2084 eo,
500 2015 530 2069 in
543 2034 602 2092 quo
614 2017 816 2093 imprimuntur
826 2019 885 2078 illae

200 2107 281 2152 notae
298 2111 306 2148 ι
328 2092 370 2148 sic
387 2089 531 2150 eonfeffio
544 2098 714 2165 memoriae,
731 2111 884 2176 tamquam

202 2173 289 2244 ceri,
309 2169 382 2230 locis
399 2170 506 2242 utitur,
527 2170 604 2230 &in
617 2171 831 2254 hisimagines,
849 2194 884 2234 ut

202 2255 333 2326 litteras,
350 2249 487 2310 collocat.

246 2331 328 2392 Vlll.
348 2331 476 2392 Fulvo.
495 2329 648 2411 Quoniam
666 2331 750 2412 igitur
763 2333 809 2390 vir
821 2353 888 2392 ora.-

203 2417 276 2475 toris
297 2416 391 2473 omnis
412 2417 546 2493 exposita
565 2409 626 2486 est,
688 2411 718 2469 id
739 2412 827 2472 habes
848 2413 888 2473 de

203 2498 345 2555 orationis
354 2495 505 2576 praeceptis
516 2493 638 2553 dicere?
686 2510 783 2553 ATER.
802 2493 888 2574 Qua·

204 2593 272 2635 tuor
293 2575 350 2636 elle
368 2573 430 2654 ejus
450 2593 570 2655 partes:
596 2596 717 2656 quarunt
736 2577 829 2655 prima
852 2578 887 2635 &

205 2655 354 2737 postrema
366 2656 403 2714 ad
415 2672 530 2715 motum
541 2657 629 2714 animi
646 2656 727 2716 valet
740 2677 747 2714 :
767 2659 791 2714 is
808 2659 891 2716 enim

206 2737 294 2793 initiis
319 2733 360 2792 est
382 2735 666 2814 &perorationibus
688 2736 888 2794 concitandus.

207 2812 362 2884 Secunda,
372 2817 496 2871 narratio
508 2835 515 2871 ε
534 2816 567 2872 &
576 2817 676 2886 tertia,
688 2810 891 2886 confirmatio,

205 2895 297 2956 sidem
307 2893 374 2954 facit
384 2893 518 2952 orationi.
533 2893 594 2952 Sed
600 2892 785 3029 amplifissatio
796 2912 894 2974 quam

742 2994 778 3052 vj,
