2400 4067
621 720 743 773 AD
800 699 1330 772 HERENNIUM
1379 701 1457 772 L.
1509 698 1671 771 III.
1770 706 1877 795 '57

499 818 623 870 item
658 823 924 887 appellatur
954 822 1207 888 prudentia
1231 855 1246 881 ,
1283 820 1538 870 multarum
1574 835 1732 870 rerum
1769 836 1878 869 me-

502 895 660 944 moria
688 895 736 944 δι
759 895 868 944 usus
888 895 1200 960 complurium
1231 893 1562 962 negotiorum.
1595 892 1775 945 Justitia
1808 892 1875 943 est

503 968 707 1034 aequitas
728 1002 745 1024 ‚
783 967 857 1035 jus
889 968 1144 1034 unicuique
1166 967 1384 1017 tribuens
1407 982 1497 1032 pro
1530 966 1764 1035 dignitate
1793 982 1870 1016 cu-

500 1038 692 1107 jusque.
724 1040 984 1091 Fortitudo
1006 1040 1073 1090 est
1104 1057 1266 1090 rerum
1287 1056 1559 1108 magnarum
1594 1040 1832 1106 appetitio
1857 1074 1875 1099 ,

505 1113 560 1164 &
591 1131 752 1164 rerum
791 1114 1038 1164 humilium
1074 1114 1377 1180 contemptio
1402 1147 1418 1172 ,
1463 1114 1515 1164 &
1554 1112 1731 1163 laboris
1767 1131 1875 1163 cum

499 1187 723 1238 utilitatis
750 1187 942 1238 ratione
967 1188 1238 1255 perpessio.
1275 1186 1511 1237 Modestia
1534 1186 1600 1236 est
1633 1186 1681 1236 in
1711 1187 1875 1238 animo

496 1261 760 1311 continens
781 1262 1053 1312 moderatio
1073 1262 1406 1328 cupiditatum.

575 1335 668 1385 111.
707 1334 984 1386 Prudentiae
1016 1336 1232 1401 partibus
1252 1347 1442 1385 utemur
1468 1333 1515 1384 in
1550 1333 1757 1385 dicendo
1781 1370 1796 1396 ,
1832 1335 1880 1386 si

503 1408 758 1458 commoda
780 1425 887 1459 cum
914 1408 1230 1460 incommodis
1263 1409 1569 1459 conferemus
1589 1442 1604 1468 ,
1641 1426 1785 1475 quum
1805 1412 1875 1459 al·

501 1491 662 1530 terum
684 1481 817 1547 sequi
841 1517 855 1542 ‚
889 1483 1044 1532 vitare
1063 1483 1266 1533 alterum
1290 1483 1647 1532 cohortabimur
1680 1498 1694 1532 t
1723 1494 1808 1532 aut
1829 1482 1873 1533 si

504 1571 650 1620 quam
674 1554 735 1603 ad
754 1572 856 1604 rem
877 1555 1238 1605 cohortabimur
1258 1555 1464 1621 aliquem
1485 1588 1500 1612 ‚
1542 1554 1679 1619 cujus
1701 1556 1772 1605 rei
1790 1557 1878 1606 ali-

505 1643 652 1692 quam
683 1626 1072 1693 disciplinabilem
1094 1626 1335 1676 scientiam
1363 1627 1627 1692 poterimus
1653 1628 1832 1678 habere
1854 1644 1877 1688 3

510 1699 565 1749 &
588 1716 686 1767 quo
712 1700 858 1750 modo
881 1732 896 1759 ,
928 1711 1012 1750 aut
1039 1699 1130 1768 qua
1160 1699 1368 1766 quidque
1393 1699 1579 1750 ratione
1601 1698 1706 1750 fieri
1731 1716 1877 1768 opor-

506 1784 614 1822 teat
635 1808 653 1830 ,
696 1772 1001 1825 ostendemus
1028 1789 1044 1825 ε
1068 1785 1151 1824 aut
1181 1773 1222 1824 si
1259 1773 1557 1825 suadebimus
1590 1775 1826 1842 quippiam
1856 1810 1874 1834 ,

507 1846 647 1912 cujus
680 1848 750 1898 rei
782 1847 923 1916 gestae
954 1860 1038 1898 aut
1066 1847 1350 1914 prasentem
1373 1882 1387 1907 ‚
1425 1862 1509 1900 aut
1536 1849 1742 1898 auditam
1773 1866 1883 1899 me-

505 1922 706 1971 moriam
743 1921 1006 1988 poterimus
1043 1922 1224 1974 habere
1257 1940 1273 1974 t
1311 1924 1480 1990 quain
1515 1940 1568 1974 re
1607 1921 1748 1974 facile
1784 1923 1835 1974 id
1857 1957 1877 1984 ,

503 1996 638 2061 quod
669 1996 874 2047 velimus
898 2029 913 2056 ,
958 1997 1183 2066 exemplo
1214 1998 1362 2048 allato
1393 1997 1682 2064 persuadere
1717 1998 1883 2064 possi·

504 2085 631 2118 mus.
659 2068 854 2121 Justitiae
875 2073 1087 2138 partibus
1109 2083 1303 2123 utemur
1319 2105 1334 2132 ‚
1362 2072 1403 2121 si
1424 2083 1507 2122 aut
1527 2071 1840 2123 innocentum
1860 2107 1877 2132 ,

505 2155 590 2192 aut
615 2144 873 2211 supplicum
897 2146 1110 2196 dicemus
1134 2146 1347 2196 misereri
1366 2150 1599 2212 oportere
1621 2162 1636 2198 t
1659 2145 1699 2197 si
1720 2147 1881 2213 osten·-

504 2217 673 2267 demus
696 2217 821 2269 bene
844 2220 1136 2271 merentibus
1159 2221 1358 2288 gratiam
1376 2221 1550 2270 referri
1571 2222 1833 2270 convenire
1857 2237 1883 2271 .·

506 2291 546 2340 si
577 2292 997 2343 demonstrabimus
1030 2294 1194 2344 ulcisci
1223 2292 1347 2342 male
1370 2293 1572 2343 meritos
1604 2307 1833 2359 oportere
1857 2309 1881 2344 r

507 2366 549 2420 si
582 2363 726 2416 fidem
747 2384 1040 2434 magnopere
1074 2368 1369 2417 censebimus
1395 2367 1768 2417 conservandam
1795 2383 1808 2417 t
1835 2366 1881 2417 si

510 2439 649 2503 kges
686 2439 738 2488 &
767 2456 928 2487 mores
967 2439 1176 2488 civitatis
1211 2439 1408 2504 egregie
1446 2441 1657 2488 dicemus
1700 2439 1878 2487 servari

514 2521 750 2574 oportere
774 2524 787 2557 ε
813 2509 852 2559 si
873 2509 1130 2557 societates
1154 2521 1299 2572 atque
1326 2510 1554 2556 amicitias
1581 2509 1788 2557 studiose
1811 2511 1889 2557 di·

515 2598 681 2632 cemus
714 2582 810 2632 coli
847 2579 1111 2629 convenire
1135 2596 1148 2628 t
1176 2580 1253 2636 si,
1283 2577 1414 2643 quod
1437 2577 1512 2642 ‘jus
1539 2579 1587 2627 in
1618 2591 1845 2643 parentes
1869 2613 1885 2636 ,

516 2657 638 2706 deos
660 2650 687 2713 ,'
709 2655 908 2724 patriam
930 2666 1098 2703 natura
1120 2649 1417 2718 comparavit
1437 2684 1452 2708 ‚
1484 2651 1533 2698 id
1555 2649 1783 2717 religiose
1805 2668 1891 2700 co·

512 2731 709 2781 lendum
741 2727 1162 2779 demonstrabimus
1188 2742 1201 2775 τ
1229 2726 1269 2776 si
1301 2724 1503 2790 hospitia
1532 2758 1547 2782 ,
1590 2726 1839 2775 clientelas
1867 2761 1881 2784 ‚

515 2805 834 2871 cognationes
857 2837 871 2861 ,
912 2799 1167 2851 affinitates
1200 2796 1325 2848 caste
1357 2799 1586 2849 colendas
1619 2797 1713 2848 effe
1752 2800 1893 2849 dice·

514 2894 620 2926 mus
648 2892 662 2926 t
690 2877 730 2927 si
758 2893 851 2926 nec
876 2892 1024 2942 prece
1050 2910 1065 2933 ,
1091 2891 1184 2924 nec
1218 2874 1378 2939 pretio
1402 2906 1419 2931 ‚
1449 2890 1543 2923 nec
1570 2874 1719 2939 gratia
1744 2908 1758 2933 ,
1795 2892 1893 2925 nec

514 2951 737 3016 periculo
759 2985 773 3009 ,
805 2966 896 3000 nec
918 2950 1158 3000 simultate
1180 2966 1206 2997 a
1228 2948 1304 2997 via
1324 2947 1451 2998 resta
1483 2948 1635 2996 osten
1659 2967 1712 2998 -p--·-
1828 2976 1832 2996 l

518 3024 631 3072 duci
651 3038 881 3089 oportere
904 3041 917 3073 :
949 3023 988 3074 si
1011 3023 1227 3073 dicemus
1246 3021 1294 3070 in
1316 3020 1539 3072 omnihus
1555 3020 1632 3084 iu

519 3095 659 3143 statui
681 3096 959 3146 convenire.
991 3097 1082 3146 His
1108 3108 1252 3162 atque
1272 3092 1543 3159 hujusmodi

521 3167 658 3217 ssitiae
683 3166 723 3215 si
744 3184 879 3231 quam
897 3184 999 3215 rem
1019 3169 1069 3217 in
1092 3168 1335 3217 concione
1356 3199 1371 3222 ‚
1403 3180 1487 3216 aut
1503 3168 1580 3222 ἐπί

524 3238 744 3293 ciendam
768 3238 1058 3291 censebimus
1075 3273 1088 3299 ,
1115 3239 1281 3308 justam
1300 3237 1397 3291 effe
1427 3260 1439 3280 v
1581 3260 1582 3265 ¹
