2400 4067
337 487 662 557 ORATonlAE.
761 511 838 585 357

147 603 226 665 alum
239 600 300 677 est,
313 602 393 683 quod
405 602 437 661 δι
450 601 586 663 dolorem
601 603 745 686 fugientes
755 606 838 664 multi

152 689 185 747 in
197 687 355 745 tormentis
366 685 498 743 ementiti
511 683 639 766 persaepe
651 683 734 758 sunt,
751 686 841 743 mori-

154 786 217 863 que
230 764 394 824 maluerunt
404 762 504 822 falsum
517 763 658 838 fatendo,
671 764 759 846 quam
772 763 841 824 infi-

154 845 262 909 tiando
285 844 396 906 dolere.
429 843 517 902 Multi
541 847 630 904 etiarn
646 844 725 905 suam
748 848 841 906 vitant

155 950 178 991 n
231 942 380 998 exerunt,
403 941 435 982 ut
453 944 525 996 eoS,
552 928 602 1005 qui
621 927 668 984 his
693 929 840 999 cariores,

158 927 252 1092 ἄν·
268 1008 324 1089 ipsi
334 1001 509 1076 sibieffent‚
525 1005 691 1066 liberarent.
715 1006 776 1065 Alii
791 1028 841 1065 au-

158 1106 225 1150 tem
234 1105 285 1147 aut
298 1086 399 1146 naturi
410 1086 558 1165 corporis,
575 1104 624 1145 aut
634 1086 842 1147 consuetudine

161 1167 306 1240 dolendi,
326 1182 373 1227 aut
388 1182 469 1226 metu
485 1165 634 1246 supplicii,
652 1185 700 1226 aut
717 1169 841 1242 mortis,

162 1253 226 1312 vim
237 1265 452 1308 tormentorum
463 1247 652 1327 pertulerunt.
671 1248 732 1308 Alii
742 1269 844 1308 ernen-

162 1334 210 1393 tiri
220 1328 285 1389 sunt
299 1330 330 1386 in
345 1347 413 1402 eos,
429 1349 503 1409 quos
512 1327 646 1388 oderant.
669 1329 769 1411 Atque
780 1330 844 1389 haec

162 1410 307 1492 exemplis
316 1406 456 1468 limanda
464 1406 538 1468 sunt.

211 1509 259 1573 5¹·
283 1488 389 1570 Neque
409 1487 450 1549 est
470 1487 643 1562 obscurum,
664 1490 732 1571 quin
752 1494 847 1570 (quo-

165 1572 247 1633 niam
263 1572 294 1630 in
312 1587 464 1651 utramque
479 1588 593 1650 partem
612 1568 675 1629 sunt
691 1572 846 1650 exempla,

168 1653 204 1713 &
221 1656 294 1712 item
311 1650 350 1710 ad
370 1649 566 1731 conjelluram
581 1650 746 1710 faciendam
764 1651 844 1730 loci)
904 1677 911 1715 ;

170 1736 200 1797 in
219 1733 367 1792 contrariis
379 1733 520 1792 contraria
539 1733 595 1789 sint
611 1730 759 1801 sumenda.
789 1731 848 1792 At-

211 1815 327 1874 eetiam
337 1815 454 1872 incurrit
465 1812 518 1870 alia
528 1811 662 1892 quaedam
674 1815 702 1870 in
713 1809 848 1886 testibus,

144 1920 146 1925 ·
170 1834 251 1955 &in
266 1891 467 1975 questionibus
480 1894 564 1952 ratio.
595 1891 680 1974 Saepe
693 1895 772 1953 enim
791 1914 848 1967 ea,

144 2012 153 2039 ·.
171 1996 237 2058 quae
255 1973 330 2034 ditia
348 1973 428 2047 sunt,
450 1977 472 2032 si
489 1992 537 2032 aut
552 1975 709 2056 ambigue,
734 1972 790 2033 aut
801 1977 850 2033 in-

144 2052 157 2141 }
174 2053 359 2128 constanter,
379 2072 427 2113 aut
447 2054 652 2114 incredibiliter
671 2053 745 2114 ditta
766 2055 849 2129 sunt,

144 2144 155 2155 ⁴
175 2154 222 2198 aut
235 2138 324 2196 etiarn
337 2135 419 2193 aliter
432 2134 468 2193 ab
478 2134 535 2193 alio
550 2134 641 2209 ditia,
653 2132 791 2195 subtiliter
806 2146 851 2196 re-

175 2215 403 2301 prehendunrur.

177 2336 186 2345 -
216 2295 290 2357 XV.
315 2292 441 2353 F1L1US.
461 2289 599 2352 Extrema
615 2293 667 2350 tibi
684 2313 749 2372 pars
767 2293 854 2354 restat

178 2378 335 2448 orationis,
356 2395 418 2455 quae
436 2375 532 2453 posita
550 2375 580 2430 in
598 2371 768 2452 perorando
791 2372 854 2446 est,

176 2459 216 2519 de
238 2479 295 2540 qua
309 2455 375 2516 sane
391 2455 482 2515 velim
501 2452 609 2512 audire.
630 2451 750 2512 PATER.
770 2451 856 2512 Faci-

179 2540 234 2600 lior
255 2536 295 2599 est
312 2536 466 2618 explicatio
485 2535 699 2615 perorationis:
726 2555 794 2592 nam
814 2531 856 2595 est

180 2619 269 2681 divisa
283 2622 313 2678 in
329 2619 398 2678 duas
415 2634 531 2698 partes,
551 2612 806 2694 amplificationem
823 2617 857 2676 &

180 2702 441 2761 enumerationem.
474 2697 612 2778 Augendi
637 2714 733 2756 autem
756 2698 787 2756 &
810 2698 857 2757 hic

183 2779 223 2843 est
251 2782 384 2861 proprius
404 2779 485 2837 locus
509 2781 539 2835 in
560 2777 749 2856 perorando;
778 2778 858 2836 &in

145 2884 154 2915 ¹.
181 2859 264 2922 cursu
281 2857 341 2937 ipso
361 2860 498 2917 orationis
517 2857 725 2916 declinationes
741 2857 777 2914 ad
797 2872 860 2915 ani-

145 2930 150 2965 *
182 2937 370 3024 plificandum
385 2936 502 3008 dantur,
518 2935 687 2995 confirmati
699 2958 729 2996 re
747 2939 858 3015 aliqui,

145 2968 165 3077 l'
183 3040 233 3083 aut
248 3014 432 3101 reprehensa⁴
