<?xml version="1.0" encoding="UTF-8"?>
<!DOCTYPE html PUBLIC "-//W3C//DTD XHTML 1.0 Transitional//EN"
    "http://www.w3.org/TR/xhtml1/DTD/xhtml1-transitional.dtd">
<html xmlns="http://www.w3.org/1999/xhtml" xml:lang="en" lang="en">
 <head>
  <title>
</title>
<meta http-equiv="Content-Type" content="text/html;charset=utf-8" />
  <meta name='ocr-system' content='tesseract 3.04.00' />
  <meta name='ocr-capabilities' content='ocr_page ocr_carea ocr_par ocr_line ocrx_word'/>
</head>
<body>
  <div class='ocr_page' id='page_1' title='image "./mtulliiciceroni01lallgoog_0458.png"; bbox 0 0 2400 4067; ppageno 0'>
   <div class='ocr_carea' id='block_1_1' title="bbox 299 476 1037 2530">
    <p class='ocr_par' dir='ltr' id='par_1_1' title="bbox 299 476 1037 2530">
     <span class='ocr_line' id='line_1_1' title="bbox 350 476 849 573; baseline 0.008 -26"><span class='ocrx_word' id='word_1_1' title='bbox 350 484 431 573; x_wconf 69' lang='lat'>454·</span> <span class='ocrx_word' id='word_1_2' title='bbox 537 476 571 548; x_wconf 88' lang='lat'><em>0</em></span> <span class='ocrx_word' id='word_1_3' title='bbox 597 494 624 547; x_wconf 79' lang='lat' dir='ltr'>rr</span> <span class='ocrx_word' id='word_1_4' title='bbox 649 496 677 547; x_wconf 75' lang='grc' dir='ltr'><em>Α</em></span> <span class='ocrx_word' id='word_1_5' title='bbox 703 497 727 547; x_wconf 79' lang='lat' dir='ltr'>r</span> <span class='ocrx_word' id='word_1_6' title='bbox 755 500 782 549; x_wconf 89' lang='lat' dir='ltr'>o</span> <span class='ocrx_word' id='word_1_7' title='bbox 808 500 849 552; x_wconf 78' lang='lat' dir='ltr'>u.</span> 
     </span>
     <span class='ocr_line' id='line_1_2' title="bbox 347 593 1037 681; baseline -0.003 -23"><span class='ocrx_word' id='word_1_8' title='bbox 347 599 469 681; x_wconf 86' lang='lat' dir='ltr'>genium</span> <span class='ocrx_word' id='word_1_9' title='bbox 483 612 498 672; x_wconf 83' lang='lat'>‚·</span> <span class='ocrx_word' id='word_1_10' title='bbox 515 593 625 670; x_wconf 88' lang='lat' dir='ltr'>studia,</span> <span class='ocrx_word' id='word_1_11' title='bbox 653 610 750 655; x_wconf 85' lang='lat' dir='ltr'>mores</span> <span class='ocrx_word' id='word_1_12' title='bbox 765 612 857 670; x_wconf 64' lang='lat' dir='ltr'>tuos.</span> <span class='ocrx_word' id='word_1_13' title='bbox 892 593 1037 656; x_wconf 83' lang='lat' dir='ltr'>Incendor</span> 
     </span>
     <span class='ocr_line' id='line_1_3' title="bbox 371 675 1034 760; baseline -0.005 -20"><span class='ocrx_word' id='word_1_14' title='bbox 371 679 438 741; x_wconf 77' lang='lat' dir='ltr'>orrb</span> <span class='ocrx_word' id='word_1_15' title='bbox 451 677 580 760; x_wconf 85' lang='lat' dir='ltr'>quotidie</span> <span class='ocrx_word' id='word_1_16' title='bbox 595 679 703 758; x_wconf 82' lang='lat' dir='ltr'>magis,</span> <span class='ocrx_word' id='word_1_17' title='bbox 715 697 777 736; x_wconf 91' lang='lat' dir='ltr'>non</span> <span class='ocrx_word' id='word_1_18' title='bbox 788 675 939 738; x_wconf 84' lang='lat' dir='ltr'>desiderio</span> <span class='ocrx_word' id='word_1_19' title='bbox 948 675 1034 737; x_wconf 75' lang='lat' dir='ltr'>folum</span> 
     </span>
     <span class='ocr_line' id='line_1_4' title="bbox 347 703 1033 842; baseline 0 -24"><span class='ocrx_word' id='word_1_20' title='bbox 347 703 424 842; x_wconf 43' lang='lat' dir='ltr'>{quo</span> <span class='ocrx_word' id='word_1_21' title='bbox 436 758 555 842; x_wconf 86' lang='lat' dir='ltr'>quidem</span> <span class='ocrx_word' id='word_1_22' title='bbox 569 755 724 831; x_wconf 83' lang='lat' dir='ltr'>conficior)</span> <span class='ocrx_word' id='word_1_23' title='bbox 735 752 903 839; x_wconf 84' lang='lat' dir='ltr'>congreffus</span> <span class='ocrx_word' id='word_1_24' title='bbox 914 756 1033 834; x_wconf 83' lang='lat' dir='ltr'>nostros,</span> 
     </span>
     <span class='ocr_line' id='line_1_5' title="bbox 346 835 1034 909; baseline -0.006 -6"><span class='ocrx_word' id='word_1_25' title='bbox 346 838 585 903; x_wconf 84' lang='lat' dir='ltr'>consuetudinem</span> <span class='ocrx_word' id='word_1_26' title='bbox 597 835 708 909; x_wconf 71' lang='lat' dir='ltr'>vidiuis,</span> <span class='ocrx_word' id='word_1_27' title='bbox 726 836 914 898; x_wconf 66' lang='lat' dir='ltr'>doctissimos</span> <span class='ocrx_word' id='word_1_28' title='bbox 931 837 1034 899; x_wconf 82' lang='lat' dir='ltr'>sermo-</span> 
     </span>
     <span class='ocr_line' id='line_1_6' title="bbox 345 916 1032 1001; baseline -0.004 -19"><span class='ocrx_word' id='word_1_29' title='bbox 345 922 567 1001; x_wconf 63' lang='lat' dir='ltr'>nestequirens</span> <span class='ocrx_word' id='word_1_30' title='bbox 585 936 671 991; x_wconf 84' lang='lat' dir='ltr'>tuos,</span> <span class='ocrx_word' id='word_1_31' title='bbox 696 916 745 975; x_wconf 88' lang='lat' dir='ltr'>sed</span> <span class='ocrx_word' id='word_1_32' title='bbox 766 921 858 978; x_wconf 87' lang='lat' dir='ltr'>etiam</span> <span class='ocrx_word' id='word_1_33' title='bbox 875 919 1032 980; x_wconf 80' lang='lat' dir='ltr'>admirabili</span> 
     </span>
     <span class='ocr_line' id='line_1_7' title="bbox 345 985 1030 1082; baseline -0.003 -20"><span class='ocrx_word' id='word_1_34' title='bbox 345 985 425 1069; x_wconf 66' lang='lat' dir='ltr'>fami</span> <span class='ocrx_word' id='word_1_35' title='bbox 444 1004 583 1071; x_wconf 80' lang='lat' dir='ltr'>virtutum</span> <span class='ocrx_word' id='word_1_36' title='bbox 599 997 832 1073; x_wconf 85' lang='lat' dir='ltr'>incredibilium,</span> <span class='ocrx_word' id='word_1_37' title='bbox 858 1000 1030 1082; x_wconf 63' lang='lat' dir='ltr'>quaspecie</span> 
     </span>
     <span class='ocr_line' id='line_1_8' title="bbox 345 1075 894 1162; baseline -0.007 -19"><span class='ocrx_word' id='word_1_38' title='bbox 345 1078 489 1162; x_wconf 80' lang='lat' dir='ltr'>dispares,</span> <span class='ocrx_word' id='word_1_39' title='bbox 501 1078 656 1161; x_wconf 67' lang='lat' dir='ltr'>prudentii</span> <span class='ocrx_word' id='word_1_40' title='bbox 667 1075 894 1162; x_wconf 82' lang='lat' dir='ltr'>conjunguntur.</span> 
     </span>
     <span class='ocr_line' id='line_1_9' title="bbox 356 1155 1030 1242; baseline 0.003 -23"><span class='ocrx_word' id='word_1_41' title='bbox 356 1179 437 1240; x_wconf 30' lang='grc' dir='ltr'>μμ,</span> <span class='ocrx_word' id='word_1_42' title='bbox 456 1159 540 1240; x_wconf 84' lang='lat' dir='ltr'>Quid</span> <span class='ocrx_word' id='word_1_43' title='bbox 550 1161 628 1219; x_wconf 91' lang='lat' dir='ltr'>enim</span> <span class='ocrx_word' id='word_1_44' title='bbox 636 1175 696 1219; x_wconf 81' lang='lat' dir='ltr'>tam</span> <span class='ocrx_word' id='word_1_45' title='bbox 707 1155 833 1234; x_wconf 85' lang='lat' dir='ltr'>distans,</span> <span class='ocrx_word' id='word_1_46' title='bbox 855 1159 1030 1242; x_wconf 69' lang='lat' dir='ltr'>qudm‘ase·</span> 
     </span>
     <span class='ocr_line' id='line_1_10' title="bbox 344 1238 1028 1324; baseline -0.003 -22"><span class='ocrx_word' id='word_1_47' title='bbox 344 1244 472 1302; x_wconf 77' lang='lat' dir='ltr'>veritate</span> <span class='ocrx_word' id='word_1_48' title='bbox 485 1239 628 1315; x_wconf 55' lang='lat' dir='ltr'>comitae?</span> <span class='ocrx_word' id='word_1_49' title='bbox 648 1238 724 1320; x_wconf 90' lang='lat' dir='ltr'>Quis</span> <span class='ocrx_word' id='word_1_50' title='bbox 739 1256 841 1310; x_wconf 81' lang='lat' dir='ltr'>tamen</span> <span class='ocrx_word' id='word_1_51' title='bbox 852 1260 1028 1324; x_wconf 89' lang='lat' dir='ltr'>umquamte</span> 
     </span>
     <span class='ocr_line' id='line_1_11' title="bbox 341 1318 1027 1402; baseline -0.003 -21"><span class='ocrx_word' id='word_1_52' title='bbox 341 1338 393 1381; x_wconf 89' lang='lat' dir='ltr'>aut</span> <span class='ocrx_word' id='word_1_53' title='bbox 403 1320 525 1382; x_wconf 75' lang='lat' dir='ltr'>sanffior</span> <span class='ocrx_word' id='word_1_54' title='bbox 537 1318 578 1399; x_wconf 78' lang='lat' dir='ltr'>est</span> <span class='ocrx_word' id='word_1_55' title='bbox 594 1318 728 1393; x_wconf 62' lang='lat' dir='ltr'>habitur,</span> <span class='ocrx_word' id='word_1_56' title='bbox 741 1338 789 1380; x_wconf 92' lang='lat' dir='ltr'>aut</span> <span class='ocrx_word' id='word_1_57' title='bbox 799 1320 936 1383; x_wconf 75' lang='lat' dir='ltr'>dulcior?</span> <span class='ocrx_word' id='word_1_58' title='bbox 950 1320 1027 1402; x_wconf 88' lang='lat' dir='ltr'>Quid</span> 
     </span>
     <span class='ocr_line' id='line_1_12' title="bbox 342 1392 1029 1483; baseline 0.001 -22"><span class='ocrx_word' id='word_1_59' title='bbox 342 1416 403 1463; x_wconf 86' lang='lat' dir='ltr'>r&#39;am</span> <span class='ocrx_word' id='word_1_60' title='bbox 415 1392 550 1474; x_wconf 65' lang='lat' dir='ltr'>difficile,</span> <span class='ocrx_word' id='word_1_61' title='bbox 564 1401 651 1483; x_wconf 73' lang='lat' dir='ltr'>quim</span> <span class='ocrx_word' id='word_1_62' title='bbox 664 1396 901 1480; x_wconf 73' lang='lat' dir='ltr'>in&#39;&#39;plurim&#39;orum</span> <span class='ocrx_word' id='word_1_63' title='bbox 914 1419 1029 1463; x_wconf 80' lang='lat' dir='ltr'>contro·</span> 
     </span>
     <span class='ocr_line' id='line_1_13' title="bbox 322 1478 1028 1565; baseline 0.001 -24"><span class='ocrx_word' id='word_1_64' title='bbox 322 1499 326 1505; x_wconf 88' lang='lat'>·</span> <span class='ocrx_word' id='word_1_65' title='bbox 341 1485 442 1544; x_wconf 85' lang='lat' dir='ltr'>versiis</span> <span class='ocrx_word' id='word_1_66' title='bbox 457 1480 647 1560; x_wconf 78' lang='lat' dir='ltr'>dijudicandis</span> <span class='ocrx_word' id='word_1_67' title='bbox 655 1481 692 1540; x_wconf 88' lang='lat' dir='ltr'>ab</span> <span class='ocrx_word' id='word_1_68' title='bbox 704 1482 839 1543; x_wconf 85' lang='lat' dir='ltr'>omnibus</span> <span class='ocrx_word' id='word_1_69' title='bbox 850 1478 949 1565; x_wconf 78' lang='lat' dir='ltr'>diligi?</span> <span class='ocrx_word' id='word_1_70' title='bbox 964 1504 1028 1542; x_wconf 91' lang='lat' dir='ltr'>con·</span> 
     </span>
     <span class='ocr_line' id='line_1_14' title="bbox 299 1561 1027 1646; baseline 0.003 -26"><span class='ocrx_word' id='word_1_71' title='bbox 299 1613 302 1619; x_wconf 17' lang='grc' dir='ltr'><em>Δ</em></span> <span class='ocrx_word' id='word_1_72' title='bbox 340 1562 467 1646; x_wconf 79' lang='lat' dir='ltr'>sequeris</span> <span class='ocrx_word' id='word_1_73' title='bbox 482 1580 597 1638; x_wconf 86' lang='lat' dir='ltr'>tamen,</span> <span class='ocrx_word' id='word_1_74' title='bbox 617 1580 649 1622; x_wconf 91' lang='lat' dir='ltr'>ut</span> <span class='ocrx_word' id='word_1_75' title='bbox 663 1581 715 1622; x_wconf 89' lang='lat' dir='ltr'>eos</span> <span class='ocrx_word' id='word_1_76' title='bbox 729 1563 737 1620; x_wconf 88' lang='lat' dir='ltr'>i</span> <span class='ocrx_word' id='word_1_77' title='bbox 761 1561 825 1636; x_wconf 87' lang='lat' dir='ltr'>sos,</span> <span class='ocrx_word' id='word_1_78' title='bbox 839 1582 916 1644; x_wconf 87' lang='lat' dir='ltr'>quos</span> <span class='ocrx_word' id='word_1_79' title='bbox 929 1580 1027 1624; x_wconf 80' lang='lat' dir='ltr'>contra</span> 
     </span>
     <span class='ocr_line' id='line_1_15' title="bbox 340 1583 1025 1726; baseline 0 -24"><span class='ocrx_word' id='word_1_80' title='bbox 340 1636 463 1723; x_wconf 67' lang='lat' dir='ltr'>statuas,</span> <span class='ocrx_word' id='word_1_81' title='bbox 478 1583 953 1726; x_wconf 61' lang='lat' dir='ltr'>aeduos,p1acatori}uedimit5as:</span> <span class='ocrx_word' id='word_1_82' title='bbox 974 1647 1025 1702; x_wconf 81' lang='lat' dir='ltr'>ita-</span> 
     </span>
     <span class='ocr_line' id='line_1_16' title="bbox 382 1718 1026 1806; baseline -0.002 -21"><span class='ocrx_word' id='word_1_83' title='bbox 382 1722 604 1798; x_wconf 72' lang='lat' dir='ltr'>e&#39;efficis,&#39;ut;</span> <span class='ocrx_word' id='word_1_84' title='bbox 627 1735 716 1805; x_wconf 84' lang='lat' dir='ltr'>quum</span> <span class='ocrx_word' id='word_1_85' title='bbox 734 1724 833 1806; x_wconf 84' lang='lat' dir='ltr'>gra&#39;tiae</span> <span class='ocrx_word' id='word_1_86' title='bbox 853 1718 937 1784; x_wconf 62' lang='lat' dir='ltr'>causi</span> <span class='ocrx_word' id='word_1_87' title='bbox 959 1725 1026 1784; x_wconf 82' lang='lat' dir='ltr'>n&#39;ihii</span> 
     </span>
     <span class='ocr_line' id='line_1_17' title="bbox 353 1803 1021 1887; baseline 0.003 -25"><span class='ocrx_word' id='word_1_88' title='bbox 353 1806 447 1879; x_wconf 59' lang='lat' dir='ltr'>arias,</span> <span class='ocrx_word' id='word_1_89' title='bbox 462 1804 559 1864; x_wconf 88' lang='lat' dir='ltr'>omtiia</span> <span class='ocrx_word' id='word_1_90' title='bbox 568 1820 669 1878; x_wconf 80' lang='lat' dir='ltr'>tamen</span> <span class='ocrx_word' id='word_1_91' title='bbox 683 1807 738 1863; x_wconf 90' lang='lat' dir='ltr'>sint</span> <span class='ocrx_word' id='word_1_92' title='bbox 753 1820 854 1887; x_wconf 84' lang='lat' dir='ltr'>grata,</span> <span class='ocrx_word' id='word_1_93' title='bbox 872 1820 937 1887; x_wconf 78' lang='lat' dir='ltr'>quae</span> <span class='ocrx_word' id='word_1_94' title='bbox 948 1803 1021 1864; x_wconf 85' lang='lat' dir='ltr'>facis.</span> 
     </span>
     <span class='ocr_line' id='line_1_18' title="bbox 338 1876 1021 1967; baseline 0.003 -25"><span class='ocrx_word' id='word_1_95' title='bbox 338 1876 418 1966; x_wconf 79' lang='lat' dir='ltr'>Ergo</span> <span class='ocrx_word' id='word_1_96' title='bbox 438 1884 572 1959; x_wconf 82' lang='lat' dir='ltr'>omnibus¹</span> <span class='ocrx_word' id='word_1_97' title='bbox 591 1887 673 1967; x_wconf 71' lang='lat' dir='ltr'>terris</span> <span class='ocrx_word' id='word_1_98' title='bbox 692 1905 748 1943; x_wconf 91' lang='lat' dir='ltr'>una</span> <span class='ocrx_word' id='word_1_99' title='bbox 760 1882 858 1944; x_wconf 84' lang='lat' dir='ltr'>Gallia</span> <span class='ocrx_word' id='word_1_100' title='bbox 875 1889 1021 1947; x_wconf 86' lang='lat' dir='ltr'>communi</span> 
     </span>
     <span class='ocr_line' id='line_1_19' title="bbox 337 1963 1020 2048; baseline 0.006 -24"><span class='ocrx_word' id='word_1_101' title='bbox 337 1964 495 2035; x_wconf 77' lang='lat' dir='ltr'>nonardet</span> <span class='ocrx_word' id='word_1_102' title='bbox 506 1963 644 2023; x_wconf 86' lang='lat' dir='ltr'>incendio</span> <span class='ocrx_word' id='word_1_103' title='bbox 655 1970 665 2038; x_wconf 74' lang='lat'>3</span> <span class='ocrx_word' id='word_1_104' title='bbox 680 1966 709 2024; x_wconf 90' lang='lat' dir='ltr'>in</span> <span class='ocrx_word' id='word_1_105' title='bbox 721 1987 777 2046; x_wconf 90' lang='lat' dir='ltr'>qua</span> <span class='ocrx_word' id='word_1_106' title='bbox 786 1964 890 2026; x_wconf 87' lang='lat' dir='ltr'>frueris</span> <span class='ocrx_word' id='word_1_107' title='bbox 906 1968 966 2048; x_wconf 90' lang='lat' dir='ltr'>ipse</span> <span class='ocrx_word' id='word_1_108' title='bbox 978 1984 1020 2041; x_wconf 89' lang='lat' dir='ltr'>te,</span> 
     </span>
     <span class='ocr_line' id='line_1_20' title="bbox 334 2038 1021 2128; baseline 0.006 -23"><span class='ocrx_word' id='word_1_109' title='bbox 334 2067 426 2126; x_wconf 87' lang='lat' dir='ltr'>quum</span> <span class='ocrx_word' id='word_1_110' title='bbox 440 2040 470 2104; x_wconf 91' lang='lat' dir='ltr'>in</span> <span class='ocrx_word' id='word_1_111' title='bbox 486 2042 575 2104; x_wconf 70' lang='lat' dir='ltr'>ltaliae</span> <span class='ocrx_word' id='word_1_112' title='bbox 588 2044 654 2105; x_wconf 84' lang='lat' dir='ltr'>luce</span> <span class='ocrx_word' id='word_1_113' title='bbox 668 2038 871 2128; x_wconf 81' lang='lat' dir='ltr'>cognosceris,</span> <span class='ocrx_word' id='word_1_114' title='bbox 889 2049 1021 2108; x_wconf 69' lang='lat' dir='ltr'>versaris·</span> 
     </span>
     <span class='ocr_line' id='line_1_21' title="bbox 333 2125 1020 2209; baseline 0.003 -21"><span class='ocrx_word' id='word_1_115' title='bbox 333 2129 430 2209; x_wconf 86' lang='lat' dir='ltr'>quein</span> <span class='ocrx_word' id='word_1_116' title='bbox 439 2125 622 2206; x_wconf 86' lang='lat' dir='ltr'>optimorum</span> <span class='ocrx_word' id='word_1_117' title='bbox 635 2127 742 2187; x_wconf 86' lang='lat' dir='ltr'>civium</span> <span class='ocrx_word' id='word_1_118' title='bbox 752 2127 802 2189; x_wconf 89' lang='lat' dir='ltr'>vel</span> <span class='ocrx_word' id='word_1_119' title='bbox 815 2127 891 2189; x_wconf 84' lang='lat' dir='ltr'>flore</span> <span class='ocrx_word' id='word_1_120' title='bbox 905 2129 957 2190; x_wconf 83' lang='lat' dir='ltr'>vel</span> <span class='ocrx_word' id='word_1_121' title='bbox 972 2151 1020 2190; x_wconf 88' lang='lat' dir='ltr'>ro-</span> 
     </span>
     <span class='ocr_line' id='line_1_22' title="bbox 334 2205 1019 2289; baseline 0.004 -22"><span class='ocrx_word' id='word_1_122' title='bbox 334 2208 418 2267; x_wconf 86' lang='lat' dir='ltr'>bore.</span> <span class='ocrx_word' id='word_1_123' title='bbox 444 2207 509 2266; x_wconf 91' lang='lat' dir='ltr'>Jam</span> <span class='ocrx_word' id='word_1_124' title='bbox 524 2223 664 2288; x_wconf 86' lang='lat' dir='ltr'>quantum</span> <span class='ocrx_word' id='word_1_125' title='bbox 672 2206 744 2266; x_wconf 85' lang='lat' dir='ltr'>illud</span> <span class='ocrx_word' id='word_1_126' title='bbox 755 2205 814 2281; x_wconf 88' lang='lat' dir='ltr'>est,</span> <span class='ocrx_word' id='word_1_127' title='bbox 830 2208 1019 2289; x_wconf 75' lang='lat' dir='ltr'>quddinma-</span> 
     </span>
     <span class='ocr_line' id='line_1_23' title="bbox 333 2288 1018 2371; baseline -0.003 -19"><span class='ocrx_word' id='word_1_128' title='bbox 333 2291 418 2353; x_wconf 76' lang='lat' dir='ltr'>ximis</span> <span class='ocrx_word' id='word_1_129' title='bbox 430 2288 669 2369; x_wconf 83' lang='lat' dir='ltr'>occupationibus</span> <span class='ocrx_word' id='word_1_130' title='bbox 686 2309 844 2371; x_wconf 83' lang='lat' dir='ltr'>numquam</span> <span class='ocrx_word' id='word_1_131' title='bbox 854 2291 1018 2351; x_wconf 84' lang='lat' dir='ltr'>intermittis</span> 
     </span>
     <span class='ocr_line' id='line_1_24' title="bbox 334 2364 1017 2449; baseline 0.007 -22"><span class='ocrx_word' id='word_1_132' title='bbox 334 2366 425 2429; x_wconf 82' lang='lat' dir='ltr'>studia</span> <span class='ocrx_word' id='word_1_133' title='bbox 447 2365 614 2429; x_wconf 68' lang='lat' dir='ltr'>doiirinae?</span> <span class='ocrx_word' id='word_1_134' title='bbox 644 2367 757 2449; x_wconf 83' lang='lat' dir='ltr'>semper</span> <span class='ocrx_word' id='word_1_135' title='bbox 782 2371 857 2428; x_wconf 81' lang='lat' dir='ltr'>auti</span> <span class='ocrx_word' id='word_1_136' title='bbox 880 2364 908 2431; x_wconf 80' lang='lat' dir='ltr'>se</span> <span class='ocrx_word' id='word_1_137' title='bbox 925 2369 1017 2433; x_wconf 89' lang='lat' dir='ltr'>scribis</span> 
     </span>
     <span class='ocr_line' id='line_1_25' title="bbox 331 2392 942 2530; baseline 0 -20"><span class='ocrx_word' id='word_1_138' title='bbox 331 2449 457 2530; x_wconf 86' lang='lat' dir='ltr'>aliquid,</span> <span class='ocrx_word' id='word_1_139' title='bbox 472 2467 519 2507; x_wconf 90' lang='lat' dir='ltr'>aut</span> <span class='ocrx_word' id='word_1_140' title='bbox 530 2469 578 2508; x_wconf 90' lang='lat' dir='ltr'>me</span> <span class='ocrx_word' id='word_1_141' title='bbox 588 2471 678 2508; x_wconf 89' lang='lat' dir='ltr'>vocas</span> <span class='ocrx_word' id='word_1_142' title='bbox 689 2392 942 2510; x_wconf 66' lang='lat' dir='ltr'>adscribendum?</span> 
     </span>
    </p>
   </div>
   <div class='ocr_carea' id='block_1_2' title="bbox 375 2527 1016 2611">
    <p class='ocr_par' dir='ltr' id='par_1_2' title="bbox 375 2527 1016 2611">
     <span class='ocr_line' id='line_1_26' title="bbox 375 2527 1016 2611; baseline 0.012 -26"><span class='ocrx_word' id='word_1_143' title='bbox 375 2548 422 2610; x_wconf 82' lang='lat'>35.</span> <span class='ocrx_word' id='word_1_144' title='bbox 440 2527 542 2608; x_wconf 88' lang='lat' dir='ltr'>Iraque</span> <span class='ocrx_word' id='word_1_145' title='bbox 557 2528 615 2588; x_wconf 88' lang='lat' dir='ltr'>hoc</span> <span class='ocrx_word' id='word_1_146' title='bbox 627 2528 687 2587; x_wconf 87' lang='lat' dir='ltr'>sum</span> <span class='ocrx_word' id='word_1_147' title='bbox 701 2528 843 2611; x_wconf 79' lang='lat' dir='ltr'>aggressus</span> <span class='ocrx_word' id='word_1_148' title='bbox 856 2529 953 2592; x_wconf 82' lang='lat' dir='ltr'>statim</span> <span class='ocrx_word' id='word_1_149' title='bbox 963 2530 1016 2592; x_wconf 86' lang='lat' dir='ltr'>Ca·</span> 
     </span>
    </p>
   </div>
   <div class='ocr_carea' id='block_1_3' title="bbox 325 2608 1068 3088">
    <p class='ocr_par' dir='ltr' id='par_1_3' title="bbox 325 2608 1068 3088">
     <span class='ocr_line' id='line_1_27' title="bbox 328 2608 1068 2695; baseline 0.005 -25"><span class='ocrx_word' id='word_1_150' title='bbox 328 2626 401 2670; x_wconf 90' lang='lat' dir='ltr'>tone</span> <span class='ocrx_word' id='word_1_151' title='bbox 414 2608 565 2681; x_wconf 82' lang='lat' dir='ltr'>absolur03</span> <span class='ocrx_word' id='word_1_152' title='bbox 581 2630 670 2689; x_wconf 91' lang='lat' dir='ltr'>quem</span> <span class='ocrx_word' id='word_1_153' title='bbox 679 2609 770 2689; x_wconf 88' lang='lat' dir='ltr'>ipsum</span> <span class='ocrx_word' id='word_1_154' title='bbox 782 2631 946 2695; x_wconf 87' lang='lat' dir='ltr'>numquam</span> <span class='ocrx_word' id='word_1_155' title='bbox 957 2617 1017 2673; x_wconf 85' lang='lat' dir='ltr'>atri-</span> <span class='ocrx_word' id='word_1_156' title='bbox 1066 2636 1068 2643; x_wconf 91' lang='lat'>·</span> 
     </span>
     <span class='ocr_line' id='line_1_28' title="bbox 329 2687 1015 2772; baseline 0.01 -26"><span class='ocrx_word' id='word_1_157' title='bbox 329 2687 446 2772; x_wconf 83' lang='lat' dir='ltr'>giffem‚</span> <span class='ocrx_word' id='word_1_158' title='bbox 458 2706 593 2769; x_wconf 88' lang='lat' dir='ltr'>tempora</span> <span class='ocrx_word' id='word_1_159' title='bbox 602 2689 709 2748; x_wconf 89' lang='lat' dir='ltr'>timens</span> <span class='ocrx_word' id='word_1_160' title='bbox 717 2691 833 2750; x_wconf 87' lang='lat' dir='ltr'>inimica</span> <span class='ocrx_word' id='word_1_161' title='bbox 841 2695 956 2768; x_wconf 89' lang='lat' dir='ltr'>virtuti,</span> <span class='ocrx_word' id='word_1_162' title='bbox 966 2696 1015 2753; x_wconf 84' lang='lat' dir='ltr'>nisi</span> 
     </span>
     <span class='ocr_line' id='line_1_29' title="bbox 328 2769 1014 2842; baseline 0.006 -12"><span class='ocrx_word' id='word_1_163' title='bbox 328 2769 647 2842; x_wconf 83' lang='lat' dir='ltr'>tibihortanti,&amp;illius</span> <span class='ocrx_word' id='word_1_164' title='bbox 656 2771 828 2830; x_wconf 88' lang='lat' dir='ltr'>memoriam</span> <span class='ocrx_word' id='word_1_165' title='bbox 836 2773 912 2833; x_wconf 88' lang='lat' dir='ltr'>mihi</span> <span class='ocrx_word' id='word_1_166' title='bbox 921 2796 1014 2834; x_wconf 90' lang='lat' dir='ltr'>caram</span> 
     </span>
     <span class='ocr_line' id='line_1_30' title="bbox 328 2849 1013 2933; baseline 0.006 -22"><span class='ocrx_word' id='word_1_167' title='bbox 328 2852 480 2923; x_wconf 85' lang='lat' dir='ltr'>excitanti,</span> <span class='ocrx_word' id='word_1_168' title='bbox 498 2871 559 2909; x_wconf 88' lang='lat' dir='ltr'>non</span> <span class='ocrx_word' id='word_1_169' title='bbox 570 2849 770 2933; x_wconf 16' lang='lat' dir='ltr'>pareraqnefas</span> <span class='ocrx_word' id='word_1_170' title='bbox 785 2850 842 2913; x_wconf 84' lang='lat' dir='ltr'>effe</span> <span class='ocrx_word' id='word_1_171' title='bbox 862 2854 1013 2917; x_wconf 84' lang='lat' dir='ltr'>duxiffem.</span> 
     </span>
     <span class='ocr_line' id='line_1_31' title="bbox 327 2930 1015 3014; baseline 0.001 -20"><span class='ocrx_word' id='word_1_172' title='bbox 327 2933 388 2994; x_wconf 89' lang='lat' dir='ltr'>Sed</span> <span class='ocrx_word' id='word_1_173' title='bbox 398 2930 552 3006; x_wconf 87' lang='lat' dir='ltr'>testificor,</span> <span class='ocrx_word' id='word_1_174' title='bbox 570 2953 620 2991; x_wconf 90' lang='lat' dir='ltr'>me</span> <span class='ocrx_word' id='word_1_175' title='bbox 638 2953 654 2991; x_wconf 95' lang='lat' dir='ltr'>a</span> <span class='ocrx_word' id='word_1_176' title='bbox 669 2948 863 3014; x_wconf 86' lang='lat' dir='ltr'>terogatum,</span> <span class='ocrx_word' id='word_1_177' title='bbox 882 2935 916 2996; x_wconf 71' lang='grc' dir='ltr'>ὃ(</span> <span class='ocrx_word' id='word_1_178' title='bbox 935 2957 1015 2998; x_wconf 89' lang='lat' dir='ltr'>recu·</span> 
     </span>
     <span class='ocr_line' id='line_1_32' title="bbox 325 3010 1014 3088; baseline 0.006 -14"><span class='ocrx_word' id='word_1_179' title='bbox 325 3013 459 3088; x_wconf 79' lang='lat' dir='ltr'>samem,</span> <span class='ocrx_word' id='word_1_180' title='bbox 479 3010 540 3073; x_wconf 82' lang='lat' dir='ltr'>haec</span> <span class='ocrx_word' id='word_1_181' title='bbox 560 3011 683 3073; x_wconf 83' lang='lat' dir='ltr'>scribere</span> <span class='ocrx_word' id='word_1_182' title='bbox 703 3011 760 3073; x_wconf 83' lang='lat' dir='ltr'>effe</span> <span class='ocrx_word' id='word_1_183' title='bbox 782 3013 895 3077; x_wconf 83' lang='lat' dir='ltr'>ausum.</span> <span class='ocrx_word' id='word_1_184' title='bbox 931 3017 1014 3078; x_wconf 82' lang='lat' dir='ltr'>Volo</span> 
     </span>
    </p>
   </div>
   <div class='ocr_carea' id='block_1_4' title="bbox 0 0 1204 4067">
    <p class='ocr_par' dir='ltr' id='par_1_4' title="bbox 0 0 1204 4067">
     <span class='ocr_line' id='line_1_33' title="bbox 0 0 1204 4067; baseline 0 7"><span class='ocrx_word' id='word_1_185' title='bbox 0 0 1204 4067; x_wconf 95' lang='lat' dir='ltr'> </span> 
     </span>
    </p>
   </div>
  </div>
 </body>
</html>
