2400 4067
346 521 424 596 330
472 500 547 568 Dis
572 499 909 566 Inuaurroue
973 530 976 536 ·

344 632 394 675 aut
412 618 550 675 maximas
562 611 656 673 causas
672 611 762 670 hahet
776 609 972 685 difficultatis;
988 626 1038 682 tas

345 716 440 770 men,
466 697 509 755 his
529 693 606 755 susce
626 696 662 753 tis
685 690 924 769 difficultatibus,
948 704 1027 752 com'·

344 778 442 858 pleri,
468 795 554 857 atque
582 716 625 834 ad
646 777 756 836 exitum
782 774 904 854 perduci
927 773 1026 854 potest.

344 858 495 938 Quoniam
516 879 587 939 ergo
607 857 644 916 de
665 853 840 928 honestate,
866 856 900 915 &
921 857 957 915 de
973 859 1027 916 uti·

345 939 424 999 litate
444 940 588 1012 diximus,
609 958 685 996 nunc
703 933 788 996 restat
803 982 812 1010 ‚
830 952 864 995 ut
879 936 918 997 de
935 938 967 995 iis
982 957 1026 998 re·

344 1020 423 1093 bus,
442 1041 511 1101 quas
531 1020 576 1079 his
595 1018 745 1078 attributas
766 1016 822 1078 elle
841 1017 1025 1092 dicebamus,

343 1101 555 1161 necessitudine
574 1101 608 1160 ὅ(
622 1097 794 1171 affeclione‚
809 1097 1027 1179 perscribamus.

385 1180 481 1240 LVII.
502 1180 577 1241 Puto
598 1182 683 1262 igitur
704 1178 759 1239 effe
779 1178 855 1239 hanc
874 1183 1046 1240 necessitus

344 1260 467 1336 dinem,
491 1265 536 1320 cui
558 1262 637 1321 nulli
660 1262 691 1318 vi
713 1258 802 1319 resisti
823 1257 941 1341 potest3
965 1282 1027 1342 quae

343 1361 440 1427 neque
461 1345 588 1414 mutari,
613 1362 708 1422 neque
729 1342 812 1400 leniri
833 1339 941 1422 potest.
968 1343 1027 1401 At-

343 1442 423 1502 que,
446 1440 477 1483 ut
497 1425 622 1504 apertius
645 1424 703 1481 hoc
721 1425 780 1496 sit,
802 1423 944 1503 exemplis
963 1423 1027 1483 licet

342 1507 404 1568 vinr
422 1507 487 1578 rei,
506 1505 597 1585 qualis
617 1504 649 1562 &
668 1521 773 1584 quanta
792 1506 851 1576 sit,
869 1502 1026 1586 cognosca-

343 1605 418 1643 mus.
438 1585 493 1644 Uri
527 1583 586 1644 offe
603 1584 721 1643 flammai
735 1584 861 1665 ligneam
882 1587 1026 1645 materiam

343 1663 456 1726 necesse
476 1607 525 1726 erl
536 1687 543 1724 :
565 1686 671 1744 corpus
690 1664 813 1724 mortale
835 1665 934 1747 aliquo
955 1683 1027 1726 tem-

342 1765 418 1826 pore
442 1748 559 1806 interire
583 1746 696 1806 necelle
721 1743 762 1804 est
782 1766 789 1803 :
811 1750 960 1827 atqueita
978 1767 1027 1806 ne-

343 1825 444 1899 cesse,
470 1845 502 1885 ut
522 1829 567 1884 vis
592 1846 627 1886 ea
649 1823 798 1905 postulat,
825 1847 914 1908 quarn
939 1827 1027 1887 modb

344 1905 600 1978 describebamus,
623 1906 864 1980 necessitudinis,
889 1910 936 1966 cui
955 1909 1028 1968 nulli

342 1988 374 2049 vi
392 1985 482 2046 resisti
501 1985 622 2068 potest,
645 2009 708 2068 quae
722 2008 818 2068 neque
833 1991 962 2062 mutari,
983 2011 1029 2049 ne·

343 2088 401 2150 que
418 2068 501 2126 leniri
519 2065 632 2148 potest.'
649 2064 824 2145 Huiusmodi
841 2071 1029 2130 necessitudi-

343 2170 418 2221 nes,
440 2171 528 2228 quum
547 2152 576 2208 in
597 2150 712 2211 dicendi
732 2152 859 2210 rationes
878 2152 1028 2225 incident,

342 2230 419 2291 redle
433 2230 659 2290 necessitudines
673 2253 688 2288 a
712 2230 907 2310 pellabuntur.
923 2231 973 2291 Sin
987 2233 1029 2293 ali·

344 2333 410 2394 quae
429 2333 474 2373 res
496 2312 625 2374 incident
645 2312 673 2371 di
706 2315 797 2383 ciles,
823 2315 853 2371 in
876 2313 926 2372 illa
947 2313 1029 2394 supe·

343 2395 436 2466 riori,
459 2397 588 2475 possitne
608 2391 693 2468 fieri,
717 2392 874 2478 questione
896 2396 1030 2456 conside·

343 2474 481 2536 labimus.

389 2573 455 2630 171.
473 2552 574 2637 Atque
592 2557 679 2613 etiam
697 2553 755 2616 hoc
775 2556 845 2614 mihi
864 2555 972 2616 videor
987 2560 1031 2617 vi·

344 2634 440 2704 dere,
457 2634 512 2695 esse
532 2634 668 2715 quasdam
688 2658 753 2695 cum
770 2635 959 2714 adjunslione
979 2658 1031 2696 ne·

344 2715 555 2788 cessitudines,
577 2716 712 2799 quasdam
731 2718 876 2798 simplices
895 2719 928 2778 &
946 2717 1032 2777 abso·

321 2834 325 2858 .
344 2794 427 2854 lutas.
447 2795 524 2854 Nam
535 2796 618 2855 aliter
633 2798 729 2858 dicere
740 2798 866 2859 solemus
879 2819 889 2870 ;
908 2797 1032 2859 Necesse

248 2910 250 2913 ·
344 2873 386 2936 est
402 2875 607 2938 Cassilinenses
625 2877 654 2938 se
672 2879 779 2938 dedere
801 2879 964 2940 Annibali:
982 2880 1033 2939 ali·

343 2974 389 3016 ter
406 2976 525 3031 autem,
544 2957 666 3019 Necesse
683 2959 723 3019 est
739 2960 913 3020 Cassilinum
928 2964 1032 3021 venire

342 3037 374 3109 in
389 3038 543 3102 Annibalis
559 3039 746 3123 potestatem.
761 3041 821 3104 Illic
834 3044 865 3103 in
882 3041 1034 3125 superiore
