2400 4067
298 478 596 547 RnaronrcA
624 477 723 545 Lra.
751 477 806 546 ΙΙ.
856 494 929 570 291

298 612 364 654 100.
386 594 433 654 Ac
454 596 477 654 si
497 616 554 676 qua
572 591 758 654 necessitudo
780 594 937 675 turpitudi-

250 695 322 737 nem
337 677 484 737 videbitur
501 675 633 745 habere,
650 674 802 756 oportebit
819 696 872 755 per
891 675 939 735 lo·

251 778 354 818 corum
374 757 574 818 communium
592 755 823 837 implicationem
840 754 940 815 redar-

252 858 391 921 guentem
414 835 639 909 demonstrare,
662 837 776 918 quidvis
798 836 939 918 perpeti,

252 922 330 979 mori
347 920 472 1001 denique
491 918 574 979 satius
592 916 690 991 fuisse,
707 916 795 999 quim
813 915 940 996 ejusmo-

253 1001 284 1060 di
299 1000 506 1061 necessitudini
522 1000 739 1080 obtemperare.
756 1000 856 1080 Atque
875 1015 939 1057 tum

253 1101 290 1142 ex
305 1081 349 1141 his
365 1082 460 1153 locis,
478 1080 515 1141 de
533 1080 635 1162 quibus
653 1082 682 1139 in
699 1080 840 1161 negotiali
856 1095 939 1159 parte

254 1161 361 1222 (fillum
389 1161 458 1235 est,
487 1158 556 1241 juris
584 1162 616 1221 &
641 1161 780 1241 aequitatis
808 1177 940 1219 naturam

254 1244 407 1324 oportebit
424 1263 573 1325 quaerere,
592 1242 646 1315 &‚
665 1243 745 1323 quasi
761 1243 791 1300 in
809 1240 939 1300 absoluta

252 1322 426 1405 juridiciali,
442 1323 533 1404 perse
547 1323 606 1381 hoc
622 1321 714 1403 ipsum
724 1323 760 1381 ab
777 1322 863 1381 rebus
877 1342 942 1381 om·

253 1405 339 1466 nibus
352 1402 504 1484 separatim
518 1402 713 1462 considerare.
726 1400 823 1484 Atque
837 1402 895 1461 hoc
910 1404 939 1461 in

253 1487 346 1559 loco,
362 1488 385 1544 si
398 1483 518 1544 facultas
534 1485 611 1553 erit,
631 1482 771 1564 exemplis
790 1483 831 1542 uti
846 1504 942 1564 opot-

253 1568 331 1627 tebit
352 1611 361 1639 ,
389 1566 494 1647 quibus
513 1566 544 1623 in
568 1564 654 1623 simili
674 1562 860 1625 excusatione
880 1584 942 1623 non

254 1650 292 1707 sit
311 1651 443 1728 ignotum
463 1667 473 1720 3
495 1646 528 1705 &
547 1647 759 1718 contentione,
777 1646 868 1726 magis
887 1645 942 1704 illis

218 1738 221 1743 '
254 1727 465 1810 ignoscendum
486 1723 565 1786 fuiffe
585 1747 592 1784 z
615 1726 705 1787 &ex
726 1725 943 1786 deliberationis

255 1810 385 1891 partibus
402 1852 412 1883 ‚
430 1823 515 1888 turpe
541 1824 590 1866 aut
612 1807 714 1866 inutile
739 1804 796 1867 elle
819 1807 943 1867 concedi

255 1910 323 1951 eam
347 1910 434 1964 rem,
458 1910 522 1971 quae
545 1888 582 1948 ab
607 1887 774 1949 adversario
795 1886 944 1950 commiffa

255 1974 293 2031 sit
310 1992 319 2045 ;
336 1990 527 2052 permagnum
543 1967 620 2043 effe,
638 1969 670 2028 ἃ
687 1989 796 2051 magno
814 1966 943 2029 futurum

254 2052 454 2125 detrimento,
472 2054 496 2109 si
512 2070 546 2110 ea
560 2069 608 2110 res
625 2051 662 2108 ab
679 2052 732 2121 iis,
751 2053 800 2190 qpi
815 2048 944 2132 potesta·
1040 2093 1044 2098 -

254 2150 318 2194 tem
335 2134 444 2192 habent
461 2130 648 2203 vindicandi,
665 2131 751 2213 negle
780 2153 797 2191 a
812 2134 857 2189 sit.

298 2210 469 2273 XXXIII.
495 2208 645 2270 Defensor
670 2229 767 2270 autem
795 2212 944 2272 conversis

256 2295 395 2355 omnibus
410 2293 454 2350 his
493 2290 600 2350 artibus
616 2292 725 2369 poterit
741 2291 793 2349 uti.
811 2291 943 2351 Maxime

255 2392 357 2435 autem
378 2376 408 2431 in
426 2312 578 2433 volimtate
599 2370 787 2431 defendenda
805 2392 944 2432 commo-

254 2455 387 2525 rabitur,
407 2453 485 2513 &in
502 2472 538 2513 ea
552 2471 584 2512 re
602 2450 792 2534 adaugenda,
846 2473 870 2511 ae
886 2476 944 2514 vo·

256 2536 362 2595 luntati
382 2532 469 2594 fuerit
489 2532 728 2614 impedimento:
753 2532 785 2593 &
803 2471 845 2595 deu
854 2533 942 2617 plus,

254 2615 345 2699 quim
363 2613 484 2686 fecerit,
503 2611 600 2675 facere
617 2635 678 2675 non
694 2612 817 2696 potuille
834 2636 842 2674 ε
862 2617 942 2679 &in

256 2697 392 2759 omnibus
407 2696 494 2757 rebus
510 2696 696 2757 voluntatem
712 2693 832 2778 speclari
848 2719 943 2779 opor-

254 2796 319 2838 tere
343 2798 352 2836 :
377 2776 458 2837 &se
481 2777 618 2837 convinci
639 2798 700 2837 non
722 2775 804 2859 polle
821 2822 835 2850 ‚
859 2776 941 2861 qubd

256 2878 320 2917 non
344 2857 417 2915 absit
444 2877 461 2916 a
486 2858 601 2939 culpa:
629 2860 663 2919 ἃ
686 2879 723 2920 ex
744 2858 795 2919 suo
817 2863 941 2919 nomine

256 2956 447 2998 communem
468 2936 620 2997 hominum
642 2938 839 3000 infirmitatem
857 2935 939 3019 polle

255 3018 403 3081 damnari:
417 3015 523 3081 deinde
532 3019 603 3081 nihil
611 3020 754 3103 indignius
766 3017 821 3079 elle
832 3063 841 3091 ,
851 3018 940 3100 quim

754 3097 823 3178 Nij
