2400 4067
388 471 692 538 OnArom
799 492 873 566 ὓς

193 584 235 647 est
261 587 290 646 in
313 588 444 648 oratione
468 587 545 648 civili
573 588 678 647 vitium
704 587 754 648 vel
782 593 876 650 maxi-

192 689 284 727 mum.

238 765 285 826 3¹·
305 745 382 827 Quae
397 744 438 808 est
455 764 552 808 autem
570 746 599 805 in
615 747 780 808 hominibus
796 764 876 809 tanta

191 829 389 908 perversitas,
406 845 454 900 ut,
472 829 597 887 inventis
607 825 754 910 frugibus,
770 828 878 910 glande

191 906 362 969 vescantur?
378 905 428 967 An
436 907 526 968 vietus
537 908 705 982 hominum,
717 908 878 969 Athenien·

192 990 268 1048 s'1um
285 986 429 1049 beneficio
447 988 543 1048 excoli
558 990 676 1068 potuit,
700 992 794 1049 oratio
813 1012 876 1049 non

193 1068 314 1150 potuit?
338 1068 413 1149 Quis
431 1070 520 1148 porro
543 1089 680 1148 umquam
702 1067 876 1131 Graecorum

193 1151 346 1210 rhetorum
365 1171 381 1208 a
400 1147 578 1229 Thucydide
613 1148 748 1229 uidquam
771 1142 877 1210 duxit?

194 1229 239 1289 At
254 1229 383 1289 laudatus
403 1224 443 1289 e'st
463 1230 499 1288 ab
518 1250 569 1288 om
591 1230 597 1242 '
621 1250 672 1287 us:
691 1227 804 1304 fateor}
824 1230 875 1292 sed

193 1314 252 1381 ita,
267 1326 299 1368 ut
311 1329 406 1387 rerum
416 1308 575 1389 explicator
586 1308 713 1405 prudens
722 1354 732 1383 ,
742 1309 876 1385 severus,

217 1391 292 1449 ravis
305 1411 313 1449 :
335 1409 395 1448 non
407 1391 479 1457 utin
498 1386 610 1469 judiciis
625 1386 750 1461 'versaret
761 1390 854 1451 causas
867 1437 877 1466 ‚

194 1412 247 1532 iod
266 1484 298 1529 ut
320 1471 351 1528 in
371 1465 491 1527 historiis
507 1468 585 1529 bella
604 1485 743 1529 narraret.
775 1467 877 1552 Itaque

195 1570 356 1631 numquam
369 1546 409 1609 est
419 1566 583 1609 numeratus
598 1566 708 1609 orator.

242 1648 289 1709 32.
305 1627 371 1690 Nec
381 1630 473 1702 verb,
486 1632 510 1689 si
523 1626 668 1690 historiam
680 1650 741 1688 non
753 1626 879 1710 scripsis-

194 1710 261 1785 set,
285 1730 395 1770 nomen
415 1706 476 1789 ojus
495 1707 637 1783 exstaret,
696 1731 745 1770 um
758 1708 883 1791 praser-'

198 1792 253 1851 tim
271 1788 364 1850 fitiffet
373 1791 532 1851 honoratus
543 1790 576 1850 &
590 1790 661 1849 nobi
670 1793 705 1851 is.
732 1788 827 1870 Hujus
837 1809 882 1850 ta·

200 1891 269 1932 men
285 1892 375 1932 nemo
393 1890 487 1966 neque
500 1870 681 1946 verbo'r‘um,
700 1891 794 1953 neque
815 1870 883 1931 sen-

198 1954 354 2013 tentiarum
371 1969 544 2035 gravltatem
561 1953 708 2011 imitatur:
730 1950 780 2013 sed
792 1973 882 2033 quum

200 2033 447 2114 mutilaquaedam
461 2033 495 2093 &
507 2032 615 2092 hiantia
625 2031 715 2093 locuti
727 2031 806 2106 sunt,
819 2052 883 2112 quae

201 2112 252 2173 vel
275 2114 336 2172 sine
351 2110 486 2194 magistro
499 2111 596 2172 facere
617 2129 796 2192 potuerunt,
816 2133 885 2194 ger·
961 2153 966 2159 -

202 2212 306 2252 manos
319 2189 348 2251 se
362 2209 465 2270 putant
482 2189 538 2263 effe
549 2190 751 2272 Thatcydidas.
773 2190 883 2252 Natius

203 2272 265 2332 sum
282 2272 370 2331 etiam
387 2272 435 2352 qui
452 2268 660 2349 Xenophontis
683 2272 805 2332 similem
827 2270 884 2334 esse

203 2351 233 2413 se
259 2353 400 2433 cuperet3'
422 2346 502 2427 eujus
524 2348 619 2408 sermo
641 2348 682 2412 est
698 2351 747 2410 ille
766 2352 886 2446 quidem

206 2431 295 2492 melle
317 2430 448 2504 dulcior,
469 2426 519 2488 sed
538 2450 555 2487 a
571 2427 681 2489 forensi
698 2428 816 2510 strepitu
837 2453 887 2492 re·

205 2512 391 2573 motissimus⁴
409 2507 579 2570 Referamus
591 2530 646 2567 nos
659 2510 743 2590 igitur
754 2510 791 2569 ad
806 2530 886 2587 eum,

207 2591 448 2675 quemvolumus
459 2635 469 2665 ,
490 2588 711 2661 inchoandum,
730 2591 762 2649 &
783 2590 888 2651 eidem

207 2672 375 2754 eloquentia
395 2671 630 2746 informandum,
651 2690 739 2753 quam
757 2673 787 2731 in
807 2672 887 2733 nullo

208 2776 245 2816 co
268 2757 350 2813 novit
361 2750 518 2812 Antonius.

248 2775 291 2890 ii.
308 2832 450 2912 Magnum
468 2853 542 2912 opus
559 2832 681 2890 omnino
702 2831 734 2891 &
748 2831 888 2903 arduum,

210 2913 317 2985 Brute,
334 2932 490 2971 conamur:
510 2909 560 2970 sed
572 2909 640 2969 nihil
653 2909 768 2970 difficile
782 2913 890 2969 amanti

208 3011 293 3078 puto·
324 2990 405 3052 Amo
416 3007 530 3065 autem,
552 2987 711 3071 &semper
730 2990 825 3052 amavi
842 2991 889 3048 in-
