2400 4067
347 496 423 567 286
471 499 553 573 DE,
577 498 904 564 Inrunrroue

343 611 397 687 id,
417 613 499 695 quod
517 612 599 672 datur
617 613 751 685 crimini,
772 625 858 692 negat
879 625 977 693 neque
997 614 1030 676 ad

344 691 399 767 se,
420 714 516 776 neque
538 692 575 753 ad
594 691 721 751 officium
744 690 826 751 suurn
852 710 919 750 reus
939 697 1030 773 perti·

345 771 455 849 nuille3
473 796 548 849 nec,
569 776 592 832 si
612 772 693 855 quod
710 774 740 831 in
759 793 797 832 eo
817 772 853 830 sit
871 771 1030 850 delidlurn,

344 855 398 913 sibi
416 856 528 915 attribui
548 871 694 935 oportere.
718 852 754 912 ld
772 869 862 935 genus
880 854 972 914 causae
994 876 1011 916 e
1046 883 1049 889 ·

342 932 507 1015 hujusmodi
522 957 529 995 :
543 934 577 995 ln
600 954 637 994 eo
659 933 795 1007 foedere,
821 934 904 1015 quod
924 934 1030 997 fadum

344 1013 386 1075 est
413 1017 561 1098 quondam
591 1036 657 1074 cunt
685 1014 888 1085 Samnitibus,
914 1016 1028 1096 quidam

344 1096 509 1157 adolelcens
538 1096 643 1155 nobilis
664 1116 784 1176 porcam
809 1092 936 1154 sustinuit
960 1095 1027 1177 jullu

322 1178 532 1257 ,imperatoris
549 1176 678 1236 Foedere
695 1192 791 1237 autem
810 1173 963 1237 absentatu
980 1181 1030 1238 im·

333 1255 466 1339 'probato
481 1286 499 1333 ,·
518 1257 747 1338 &imperatore
770 1255 946 1317 Samnitibus
971 1259 1026 1319 de-

344 1337 430 1418 dito,
454 1338 570 1421 quidam
589 1340 619 1397 in
638 1335 735 1397 senatu
755 1358 823 1397 eum
845 1358 964 1419 quoque
985 1340 1025 1399 di-

339 1420 380 1478 cit
393 1464 410 1494 ,
425 1424 477 1502 qui
496 1440 616 1500 porcam
631 1420 754 1479 tenuerit
769 1464 778 1492 ,
800 1418 868 1477 dedi
880 1434 1026 1500 oportere.

338 1496 465 1560 Intentio
482 1499 547 1573 est,
564 1498 645 1559 Dedi
659 1515 785 1581 oportet.

383 1599 433 1659 92.
449 1579 500 1641 De
522 1581 594 1640 ulsio
609 1578 672 1653 est,
692 1580 762 1639 Non
781 1594 909 1659 oportet.
933 1579 1023 1661 Quat·

342 1658 395 1720 llio
410 1659 470 1735 est,
516 1678 679 1743 porteatne.
691 1660 779 1721 Ratio
795 1658 854 1734 est,
865 1658 938 1719 Non
950 1665 1022 1723 eninr

341 1762 440 1802 meum
456 1742 508 1801 fuit
528 1741 656 1802 officium
675 1788 683 1816 ,
709 1762 763 1801 nec
784 1761 852 1800 mea
875 1740 1023 1821 potestas,

341 1844 430 1904 quum
445 1825 479 1883 δι
496 1823 526 1883 id
545 1824 653 1895 aetatis,
675 1824 846 1902 &privatus
862 1820 975 1898 ollem,
994 1825 1021 1885 &

339 1901 409 1963 ellet
426 1902 536 1964 summa
556 1924 623 1962 curn
641 1903 806 1962 audloritate
831 1903 863 1961 ὃ(
883 1902 1019 1983 potestate

338 1983 516 2065 imperator,
535 1986 584 2064 qui
597 1982 731 2057 videret,
751 1999 782 2042 ut
795 1980 858 2042 satis
870 1982 1019 2046 honesturn

334 2063 432 2126 foedus
451 2064 589 2125 feriretur.
616 2061 773 2122 Infirmatio
792 2062 833 2122 est
849 2108 858 2136 ,
884 2066 1018 2126 Attamen

335 2148 475 2225 quoniam
494 2161 524 2204 tu
540 2147 681 2225 particeps
695 2144 784 2203 fadus
796 2164 827 2203 es
841 2144 872 2202 in
892 2150 1020 2227 turpissi-

336 2247 388 2286 mo
399 2225 511 2286 foedere
524 2224 640 2285 summae
652 2226 815 2307 religionis,
830 2224 898 2285 dedi
911 2242 941 2287 te
955 2249 1019 2288 con-

337 2310 427 2367 venit.
447 2307 588 2368 ludicatio
607 2304 667 2381 est,
686 2327 775 2386 quum
789 2307 834 2379 is,
851 2309 903 2387 qui
921 2325 1017 2388 potes·

335 2392 400 2448 tatis
418 2389 488 2448 nihil
508 2388 657 2461 hzbuerit,
676 2384 749 2467 jullu
767 2389 973 2466 imperatoris,
991 2391 1018 2449 in
1064 2437 1066 2446 .

329 2467 473 2542 foedere,
499 2470 530 2527 ὃ(
546 2471 575 2527 in
589 2485 668 2526 tanta
687 2467 825 2549 religione
841 2468 1018 2545 interfuerit,

337 2549 524 2609 dedendusne
540 2552 575 2607 sit
593 2547 739 2622 hostibus,
758 2568 859 2608 necne.
881 2549 952 2609 Hoc
984 2572 1016 2613 e·

333 2650 388 2689 nus
405 2627 491 2688 causae
503 2651 519 2688 a
532 2627 561 2689 su
584 2632 677 2689 eriore
691 2630 748 2688 hoc
765 2626 878 2701 differt,
895 2573 983 2711 quenl
990 2634 1015 2691 in
1062 2649 1065 2660 ·

335 2708 386 2768 illo
404 2710 536 2770 concedit
554 2653 582 2770 (lg
601 2729 666 2768 reus
681 2709 834 2789 oportuille
854 2709 952 2773 facere
969 2712 1015 2786 id,

334 2791 416 2871 quod
436 2790 497 2852 fieri
516 2790 590 2849 dicat
608 2788 751 2850 accusator
768 2812 787 2849 0
810 2789 951 2868 ortuiss'e,
971 2792 1016 2854 sed

335 2870 417 2931 alicui
439 2875 502 2945 rei,
527 2888 575 2929 aut
598 2869 708 2930 homini
731 2812 842 2931 caulalm
864 2874 1016 2948 attribuit,

334 2972 398 3031 quae
424 2953 565 3012 voluntati
590 2950 644 3009 suae
668 2950 753 3012 fuerit
777 2954 1016 3033 impedimento,

182 3032 395 3226 “flue
409 3035 601 3096 concessionis
612 3034 747 3113 partibus.
759 3032 837 3095 Nam
849 3055 952 3098 earum
964 3058 1019 3098 nra·

620 3422 632 3454 Ι
