2400 4067
557 503 678 555 AD
714 484 1245 557 HERENNIUM
1276 490 1352 559 L.
1382 491 1500 560 IV.
1608 489 1751 582 133

384 601 531 653 simul
549 619 690 672 atque
715 607 902 655 hiemem
912 605 1120 673 fhrtunae
1139 607 1375 662 viderint,
1411 606 1634 655 devolant
1665 623 1763 653 om-

388 695 493 726 nes.
545 679 641 728 Sed
682 680 898 730 inventio
942 681 1160 731 similium
1205 680 1359 730 facilis
1405 681 1533 738 etit,
1578 680 1617 727 si
1654 678 1764 744 quis

386 750 481 801 sibi
517 768 682 817 omnes
713 769 791 804 res
827 754 1055 803 animatas
1090 754 1139 804 &
1171 753 1449 803 inanimatas
1472 786 1486 811 ,
1520 764 1673 800 mutas
1708 751 1761 801 δε

387 824 650 888 loquentes
674 859 688 883 ,
724 826 850 877 feras
886 827 939 878 &
963 827 1231 876 mansuetas
1255 860 1275 886 ,
1300 825 1550 876 terrestres
1576 824 1626 874 δι
1658 840 1765 873 coe-

385 895 531 947 lestes
567 900 618 948 &
650 900 904 949 maritimas
924 934 939 959 ,
971 898 1178 950 artificio
1198 934 1213 958 ,
1248 900 1390 957 casu,
1427 899 1595 948 natura
1630 912 1767 946 com-

383 984 575 1035 paratas
596 1005 610 1030 ,
635 974 834 1022 usitatas
858 986 1001 1039 atque
1029 974 1281 1023 inusitatas
1303 1007 1317 1031 ,
1346 973 1627 1038 frequenter
1650 985 1765 1020 ante

387 1044 561 1094 oculos
597 1047 781 1111 poterit
815 1063 1034 1112 ponere,
1077 1047 1128 1097 &
1159 1064 1225 1097 ex
1253 1048 1327 1097 his
1364 1047 1565 1111 aliquam
1595 1042 1767 1093 venari

387 1117 745 1169 similitudinem
765 1154 779 1178 ‚
816 1137 923 1187 quae
955 1133 1039 1170 aut
1067 1136 1241 1170 ornare
1262 1154 1279 1179 ‚
1311 1133 1396 1170 aut
1426 1120 1606 1169 docere
1629 1152 1643 1176 ,
1679 1128 1773 1167 aut·

383 1192 681 1255 apertiorem
714 1209 817 1243 rem
856 1194 1054 1252 facere,
1093 1207 1176 1244 aut
1214 1210 1398 1260 ponere
1436 1204 1548 1242 ante
1589 1193 1765 1241 oculos

386 1265 559 1330 possit.
595 1266 710 1315 N'on
742 1267 867 1316 enim
897 1284 976 1316 res
1011 1279 1115 1316 tota
1149 1269 1244 1317 toti
1274 1268 1346 1318 rei
1380 1265 1567 1315 necesse
1602 1264 1667 1314 est
1702 1266 1766 1315 ss·

387 1338 512 1387 milis
554 1339 618 1388 sit
648 1372 666 1397 a
710 1338 797 1388 sed·
833 1340 894 1388 ad
938 1340 1084 1405 ipsum
1109 1371 1126 1397 ,
1169 1341 1231 1388 ad
1270 1340 1402 1407 quod
1439 1339 1761 1399 conferetur,

386 1411 746 1463 similitudinem
778 1413 955 1462 habeat
987 1424 1206 1477 oportet.

459 1484 561 1534 XL
579 1486 597 1532 1
616 1486 681 1534 X.
721 1486 1003 1551 Exemplum
1035 1485 1101 1533 est
1131 1484 1335 1551 alicujus
1367 1483 1476 1534 faeti
1500 1518 1514 1542 ,
1543 1495 1626 1533 aut
1654 1481 1764 1532 diffi

386 1559 621 1624 praeteriti
649 1575 756 1607 cum
783 1559 904 1608 certi
930 1558 1134 1608 austoris
1162 1559 1355 1607 nomine
1386 1558 1679 1624 propositio,
1709 1554 1766 1606 ld

388 1630 584 1680 sumitur
615 1631 778 1680 iisdem
812 1632 874 1682 de
905 1632 1094 1690 causis,
1129 1633 1299 1697 quibus
1330 1631 1609 1681 similitudo.
1640 1629 1765 1679 Rem

388 1705 687 1754 ornatiorem
722 1704 875 1765 facit,
920 1723 1065 1772 quum
1108 1706 1285 1756 nullius
1326 1705 1434 1763 rei,
1478 1704 1567 1754 nisi
1610 1704 1773 1770 digni-

385 1779 500 1826 tatis
523 1812 536 1835 ,
565 1777 710 1828 causa
734 1779 927 1828 sumitur
954 1797 968 1830 ε
1000 1780 1290 1845 apertiorem
1311 1812 1324 1836 ,
1349 1795 1494 1845 quum
1525 1777 1571 1826 id
1593 1811 1614 1835 ,
1634 1776 1772 1843 quod·

387 1851 451 1900 sit
486 1852 732 1901 obscurius
758 1886 772 1910 ,
808 1853 962 1921 magis
993 1853 1253 1920 dilucidum
1290 1853 1448 1903 reddit
1486 1868 1500 1901 ε
1536 1850 1768 1916 probabi-

384 1925 559 1974 liorem
584 1959 602 1983 ,
634 1943 776 1991 quum
805 1929 953 1995 magis
978 1927 1286 1976 verisimilem
1316 1925 1431 1975 facit
1457 1941 1469 1974 ε
1495 1939 1606 1975 ante
1641 1941 1765 1974 ocu-

384 2000 464 2048 los
499 1999 675 2064 ponit,
720 2016 866 2066 quum
912 2001 1135 2065 exprimit
1175 1999 1335 2049 omni'a
1374 1997 1623 2065 perspicue
1648 2032 1663 2056 ,
1708 2008 1766 2047 ut

383 2088 467 2122 res
505 2072 625 2121 dicia
662 2072 814 2137 prope
856 2090 996 2121 manu
1032 2074 1209 2122 tentari
1246 2072 1414 2138 possit.
1448 2070 1767 2136 Uniuscujus-

384 2162 482 2211 que
523 2145 715 2210 generis
754 2145 938 2210 singula
980 2144 1332 2206 subjecissemus
1367 2146 1585 2209 exempl'a
1616 2177 1633 2199 ‚
1673 2143 1771 2193 risi·

384 2218 664 2279 exemplum
690 2249 706 2273 ,
733 2216 864 2281 quod
897 2233 1047 2281 genus
1083 2216 1228 2272 esset,
1265 2217 1312 2264 in
1346 2217 1648 2281 expolitione
1682 2216 1767 2265 de-

386 2286 762 2337 monstrassemus
786 2318 802 2342 ,
844 2286 896 2335 δί
930 2287 1092 2335 causas
1126 2286 1344 2335 sumendi
1372 2286 1421 2335 in
1450 2286 1763 2337 similitudine

389 2357 750 2425 aperuissemus.
793 2356 961 2419 Quare
1007 2357 1248 2407 noluimus
1290 2389 1309 2417 ,
1355 2372 1513 2423 neque
1554 2372 1705 2423 pauca
1748 2388 1773 2419 ,

388 2430 486 2498 quo
524 2429 675 2481 minus
710 2431 1068 2497 intelligeretur
1090 2464 1105 2489 ,
1143 2446 1344 2497 neque*
1383 2447 1435 2480 nr
1479 2423 1792 2482 intene³T

384 2508 523 2573 plura
571 2505 893 2555 conscribere.
933 2504 1099 2572 Imago
1142 2503 1209 2554 est
1251 2504 1415 2555 formae
1463 2516 1571 2553 curn
1607 2502 1654 2556 f·
1700 2511 1715 2547 τ’

385 2596 496 2629 cum
541 2579 740 2646 quadam
781 2578 1093 2628 similitudine
1137 2578 1355 2628 collariu-
1402 2576 1523 2628 Haec
1603 2592 1606 2593 ’

383 2666 468 2703 aut
495 2653 678 2709 laudis,
700 2662 780 2703 aut
803 2652 1171 2717 vituperationis
1197 2652 1359 2704 causffi.
1383 2650 1620 2705 huda:

380 2729 451 2778 sic
491 2742 506 2777 ε
544 2725 652 2775 Ibat
684 2726 734 2775 in
763 2725 1013 2793 pralium,
1051 2742 1251 2795 corpore
1287 2724 1411 2776 :nursi
1439 2735 1623 2776 ‘

379 2801 553 2867 impetu
587 2799 738 2848 leonis
771 2799 986 2848 acerrimi
1017 2799 1205 2851 similis.
1242 2800 1563 2867 “lirin-11:¹2³„
1595 2793 1603 2795 ’

380 2873 431 2922 in
465 2873 625 2921 odium
655 2904 669 2930 ‚
718 2883 800 2920 aut
837 2872 884 2921 i'n
923 2872 1144 2923 invidiam
1167 2906 1182 2933 ,
1224 2884 1307 2924 aut
1339 2872 1391 2923 in*
1439 2896 1523 2917 ν

381 2962 492 2995 nem
521 2944 741 2993 adducat.
773 2944 842 2993 U't
863 2945 908 2993 in
943 2944 1104 2995 odium
1121 2980 1148 3005 ,.
1169 2948 1271 2997 hoe
1299 2943 1455 3000 mede
1475 2976 1495 2982 ἢ
1525 2973 1531 2987 ⁴·

381 3018 502 3068 tidie
530 3035 622 3085 per
643 3015 806 3085 forum
845 3018 1082 3076 medium,
1120 3033 1359 3093 tamqnam*
1383 3012 1428 3088 j
