2400 4067
341 518 417 590 262
470 515 544 585 Da
571 517 908 586 Inrnnrronn

340 629 377 693 In
385 633 443 693 iliis
454 633 533 696 enim
547 630 611 691 finis
624 629 664 692 est
675 676 685 706 ‚
701 647 734 691 ut
745 630 797 706 id,
813 629 899 711 quod
912 629 1033 710 dieitur,

339 734 448 777 verum
463 711 520 775 effe
536 711 671 773 videatur
684 732 694 785 3
711 715 742 771 in
755 712 823 786 his,
841 716 966 774 tametsi
980 714 1033 776 bot

340 817 404 878 quo
427 815 464 856 ue
486 795 581 856 videti
606 809 749 875 oportet,
774 799 877 853 tamen
904 791 973 856 finis
998 793 1033 857 est

338 817 517 957 ampiitudo.
533 873 621 938 Nunc
638 872 676 935 ad
691 871 777 933 aliam
792 872 1033 940 constitutionem

341 955 530 1017 transeamus.

381 1034 446 1097 XV
453 1034 496 1097 11.
504 1035 609 1115 Quum
621 1027 662 1096 est
673 1033 800 1095 nominis
811 1039 1031 1113 controversia,

338 1120 408 1201 quia
427 1120 472 1178 vis
494 1117 633 1177 vocabuli
654 1115 818 1177 definienda
836 1117 943 1178 verbis
964 1116 1030 1192 est,

340 1196 507 1259 constitutio
527 1196 675 1257 definitiva
695 1197 807 1258 dicitur.
826 1191 900 1277 Ejus
941 1201 1030 1260 erretis
1067 1233 1068 1238 κ

340 1280 479 1361 exemplo
489 1278 574 1338 nobis
583 1280 679 1360 posita
689 1281 724 1338 sit
734 1279 796 1338 haec
806 1277 909 1339 causa:
952 1279 1030 1341 ,Fla-

339 1363 445 1423 minius
467 1364 511 1433 is,
552 1363 580 1418 ui
602 1357 701 1418 consul
718 1359 935 1439 rempublicam
956 1361 1028 1422 mali

340 1446 429 1526 gessit
445 1382 649 1503 belloi’unieo
666 1434 815 1514 secundo,
831 1459 928 1521 quum
943 1443 1029 1504 tribu·

339 1543 393 1584 nus
404 1523 497 1605 plebis
510 1519 597 1596 effer,
612 1522 707 1582 invito
718 1519 838 1595 senatu,
861 1522 896 1582 &
909 1526 1028 1586 omnino

337 1624 443 1664 eontra
463 1604 649 1664 voluntatem
673 1604 805 1662 omniunt
827 1603 1028 1682 optimatum,
1066 1617 1068 1688 4

338 1705 392 1766 per
412 1684 585 1745 seditionem
604 1682 641 1741 ad
661 1681 805 1764 populu-tn
824 1681 931 1766 legem
949 1706 965 1744 a
1013 1715 1028 1732 ·
1067 1693 1068 1752 ἱ

338 1768 411 1826 riam
428 1765 553 1826 ferebat.
575 1765 663 1824 Hunc
683 1781 768 1844 pater
786 1762 852 1824 suus
874 1706 1027 1826 contiiiia

336 1846 433 1927 plebis
452 1845 611 1906 habentem
631 1845 669 1903 de
686 1844 800 1926 templo
821 1844 949 1906 deduxit
961 1865 970 1905 t
983 1868 1029 1907 at·

336 1931 458 1987 cessitut
474 1924 640 2003 majestatis.
662 1924 792 1986 Intentio
811 1923 854 1985 est
869 1947 877 1985 t
892 1923 1029 2005 Maiesta-

334 2024 400 2068 tem
422 2006 571 2080 minuisti,
597 2004 678 2087 qubd
699 2006 847 2065 tribunum
872 2005 973 2088 plebis
994 2008 1027 2070 de

334 2089 449 2169 templo
468 2085 618 2147 deduxisti.
636 2084 687 2146 De
710 2089 784 2147 ulsio
798 2084 839 2147 est
855 2108 862 2145 :
879 2085 957 2150 Non
974 2092 1028 2150 mi·

334 2172 386 2230 nui
398 2167 589 2245 maiestatem.
604 2109 735 2247 QuaeKio
749 2166 790 2228 est
803 2187 810 2226 :
824 2166 1028 2248 Maiestatem·

310 2272 314 2280 ·
335 2272 374 2311 ne
391 2253 537 2312 minuerit.
555 2249 644 2310 Ratio
660 2269 667 2308 :
682 2247 716 2308 In
732 2247 822 2309 filiunt
841 2252 925 2311 enim
942 2271 1026 2335 quarn

332 2330 480 2394 'habebam
504 2329 705 2413 potestatem,
728 2330 763 2390 eb
783 2327 847 2389 usus
868 2330 945 2393 sum.
966 2332 1028 2394 Ra·

335 2417 422 2474 tionis
434 2412 591 2473 infirmatio
607 2433 613 2471 :
629 2410 671 2473 At
684 2413 761 2471 enim
774 2455 783 2483 ‚
800 2412 850 2491 qui
862 2413 959 2493 patrii
972 2435 1030 2495 po·

334 2494 459 2568 testate,
479 2494 536 2553 hoc
553 2494 617 2566 est,
636 2492 749 2573 privati
762 2491 912 2572 quadam,
933 2494 1028 2556 tribu-

332 2579 434 2635 nitiam
447 2572 622 2654 potestatem
636 2617 645 2644 ‚
661 2572 719 2632 hoc
734 2570 774 2633 est
784 2616 794 2646 ‚
805 2574 913 2713 poKuli
923 2593 1027 2658 potes*

330 2672 424 2714 tatem
443 2652 590 2726 infirmat,
607 2654 709 2711 minuit
722 2655 745 2713 is
762 2674 839 2733 male
866 2671 962 2719 atem.
975 2657 1026 2719 Ju-

315 2734 440 2795 -dicatio
457 2732 519 2809 est,
540 2734 694 2794 Minuatne
709 2734 731 2791 is
747 2731 957 2814 majestatem,
976 2741 1026 2822 qui

330 2817 362 2875 in
377 2816 552 2875 tribunitiam
568 2812 743 2895 potestatem
762 2815 855 2894 patrii
872 2819 1024 2898 potestate

330 2913 437 2956 utatur.
455 2897 505 2955 Ad
521 2898 595 2956 hanc
608 2892 817 2974 judicationem
831 2918 1024 2980 argumenta·

326 2977 425 3038 nones
440 2998 542 3037 omnes
556 2975 649 3036 afferri
664 2977 824 3055 oportebit.

176 3043 301 3228 q
370 3078 422 3141 53.
434 3059 496 3135 Ac,
508 3078 545 3121 ne
558 3062 620 3142 quis
631 3056 708 3119 forti
720 3060 874 3121 arbitretur
885 3081 947 3125 nos
959 3084 1019 3127 non
