2400 4067
248 473 276 547 6
355 475 828 544 Rnaronrconunt

250 595 282 642 ab
306 593 417 644 omnibus
436 593 534 644 videtur
556 593 691 662 oppugnari
710 593 800 643 debere
821 607 830 643 t
848 603 877 644 ut
900 610 955 661 pro

249 667 304 716 uiro
323 666 381 717 forti
399 681 484 718 contra
499 667 653 736 parricidam.
673 667 757 734 Turpe
775 682 853 734 genus
870 668 950 720 intel·

249 739 354 808 ligitur,
373 740 446 809 quu'm
465 755 507 792 aut
526 740 627 792 honesta
648 757 688 792 res
705 753 880 809 oppugnatur,
903 755 948 794 aut

250 812 390 864 defenditur
408 816 499 886 turpis,
515 814 626 865 Dubium
645 832 720 884 genus
742 814 793 872 est,
812 832 889 881 quum
905 817 949 866 ba·

250 887 295 937 bet
319 887 344 936 in
363 887 387 938 se
411 887 480 954 causa
501 888 528 939 &
549 888 680 940 honestatis
701 922 708 947 ,
736 889 762 939 &
785 889 949 954 turpitudinis

250 974 355 1027 partem.
374 960 473 1010 Humile
489 978 566 1029 genus
581 961 637 1022 est,
654 975 728 1030 quum
743 973 888 1029 contempta
906 980 950 1016 res

250 1032 359 1084 affertur.

289 1107 342 1159 lV.
364 1106 447 1171 Quum
466 1108 519 1158 haec
534 1107 569 1158 ita
585 1106 657 1167 sint,
679 1105 810 1158 conveniet
829 1107 953 1159 exordio·

252 1197 306 1229 rum
336 1183 457 1230 rationem
484 1182 515 1230 ad
544 1199 621 1249 genus
652 1182 727 1230 causae
755 1183 953 1234 accommodari.

253 1253 415 1303 Exordiorum
433 1254 482 1303 duo
499 1255 552 1304 sunt
567 1271 677 1321 genera,
696 1254 858 1320 principium,
881 1257 951 1322 quod
974 1267 976 1271 '

255 1325 345 1378 Crete
362 1325 478 1395 epatius
494 1329 650 1394 appellatura
672 1327 698 1377 &
716 1327 867 1386 insinuatio,
894 1347 951 1395 quar

253 1397 349 1461 leti&
367 1404 512 1453 nominatur.
538 1401 683 1469 Principium
702 1400 755 1460 est,
775 1417 848 1468 quum
870 1401 951 1452 statim

254 1477 371 1527 auditoris
401 1478 505 1526 animum
528 1477 600 1525 nobis
628 1476 742 1525 idoneum
769 1475 894 1524 reddimus
920 1476 952 1524 ad

224 1597 227 1602 .
255 1550 410 1600 audiendum.
431 1550 458 1598 ld
474 1551 508 1599 ita
526 1548 625 1597 sumitur
636 1581 652 1607 ,-
663 1561 691 1598 ut
706 1559 832 1606 attentos,
855 1561 884 1598 ut
905 1549 955 1605 do,-

256 1623 339 1683 eiles,
360 1635 388 1674 ut
407 1621 684 1672 benevolmuditores
704 1622 794 1670 habere
815 1623 955 1686 possimus.

255 1697 281 1746 si
303 1713 380 1764 genus
401 1696 478 1745 causae
496 1695 592 1744 dubium
613 1693 780 1752 habebimus,
806 1696 956 1746 abenevo·

255 1770 331 1819 lentia
348 1767 490 1834 principium
506 1767 695 1824 constituemus,
714 1783 744 1816 ne
762 1766 818 1833 quid
836 1767 877 1816 illa
897 1781 955 1820 tur·

254 1841 370 1908 pitudi'nis
390 1857 445 1906 pars
470 1839 540 1888 nobis
565 1838 646 1888 obesse
669 1839 757 1904 possit.
787 1839 829 1889 Sin
856 1841 955 1893 humile

256 1914 304 1964 erit
322 1929 398 1981 genus
420 1911 495 1963 causae
506 1945 516 1968 ,
536 1911 653 1962 faciemus
668 1924 785 1962 attentos.
813 1911 856 1962 Sin
876 1926 956 1981 turpe

255 1986 333 2037 eausae
352 2002 428 2054 genus
443 1986 508 2043 erit,
527 1985 689 2036 insinuatione
705 1984 821 2035 utendum
842 1986 901 2048 est,
922 1990 956 2042 de

256 2076 304 2127 qua
319 2058 437 2124 posterius
454 2058 580 2115 dicemus,
598 2057 645 2106 nisi
660 2056 793 2123 quidnafli
808 2055 959 2121 fuerimus,

254 2148 331 2199 qtrare
353 2130 501 2181 adversarios
521 2129 667 2181 criminando
691 2128 891 2179 benevolentiam
914 2151 959 2186 ca.

255 2217 325 2272 ptare
337 2205 465 2271 possimus.
483 2205 528 2255 Sin
544 2202 672 2253 honestum
691 2201 766 2253 causat
787 2218 863 2268 genus
877 2207 956 2267 erit,

255 2280 340 2329 licebit
360 2277 424 2329 reite
439 2279 480 2330 vel
499 2278 554 2337 uti,
580 2278 622 2327 vel
640 2292 690 2328 non
710 2276 746 2326 uti
764 2275 897 2342 principio.
928 2280 958 2333 Si

257 2354 295 2404 nti
311 2354 441 2412 volemus,
462 2365 503 2402 aut
521 2353 546 2403 id
565 2351 689 2418 oportebit
707 2348 853 2408 ostendere,
873 2369 956 2418 quare

256 2427 328 2478 causa
346 2427 378 2477 sit
398 2427 515 2483 bonella,
537 2438 579 2475 aut
596 2424 726 2482 breviter,
749 2424 832 2489 quibus
854 2423 886 2473 de
910 2443 956 2481 η.

256 2501 303 2550 bus
326 2501 400 2549 simus
427 2500 535 2557 diiiuri,
561 2514 695 2563 exponere.
723 2496 748 2545 Si
767 2497 888 2563 principio
916 2499 957 2553 uti

257 2573 388 2630 nolemus,
408 2589 422 2621 a
444 2574 522 2638 lege,
550 2588 563 2620 a
587 2570 724 2637 lcriptura,
750 2583 791 2620 aut
814 2571 843 2619 ab
866 2571 959 2640 aliquo

257 2643 393 2695 firmissimo
418 2644 503 2696 nollrae
532 2643 611 2695 eausae
638 2642 779 2711 adjumento
806 2644 954 2712 principium

258 2734 347 2785 capere
363 2720 503 2784 oportebit·

295 2809 323 2856 7.
342 2792 464 2858 Quoniam
483 2791 556 2860 igitur
574 2790 699 2852 docilem,
718 2791 892 2850 benevolum,
914 2805 955 2844 at·

257 2879 353 2919 tentum
378 2868 468 2917 habere
494 2866 630 2916 auditorem
656 2868 768 2916 volumus
788 2899 796 2922 ,
826 2868 956 2930 quomodo

259 2941 365 3007 quidque
384 2939 472 2991 confici
491 2940 590 3006 possit,
614 2941 758 3006 aperiemus.
784 2938 891 2990 Dociles
912 2959 956 2990 au-

260 3013 353 3071 ditores
376 3015 469 3068 babere
495 3013 662 3101 poterimus,
687 3012 710 3068 si
733 3012 846 3065 unnim
873 3015 955 3070 caule
