2400 4067
247 465 536 534 Rrrrrorrcr
566 470 664 535 [ιθ.
695 472 748 537 II.
800 469 874 557 269

235 580 319 640 XXl.
340 581 441 660 Quum
458 582 490 641 δι
507 580 605 654 faeie,
626 583 658 642 &
676 581 741 642 falli
758 585 877 642 nomhre

193 659 356 735 concello,
378 681 471 742 neque
490 661 548 720 ulla
569 661 686 722 aelionis
704 661 781 722 illati
798 665 876 721 corr-

191 743 359 814 troversii,
379 744 445 815 vis,
466 742 498 800 &
516 759 639 814 natura,
661 743 694 802 δι
713 761 805 824 genus¹
819 761 878 801 tre·

193 822 266 898 gotii
285 825 370 901 ipsius
389 824 545 902 quaeritur,
568 821 802 881 constitutionem
820 840 878 903 ge-

194 901 324 961 neralem
351 902 535 982 appellamus.
566 900 661 981 Hujus
688 905 795 983 primas
819 899 877 962 elle

192 1000 291 1059 partes
311 981 379 1040 duas
400 982 484 1040 nobis
502 982 594 1042 videri
616 983 760 1055 diximus,
781 1002 878 1064 negt)-

191 1060 291 1120 tialem
306 1064 338 1122 &
350 1060 545 1142 juridicialem.
563 1061 722 1145 Negotialis
737 1060 796 1135 est,
812 1084 878 1143 quae
971 1112 974 1117 .

191 1141 221 1198 in
240 1140 300 1223 ipso
318 1144 436 1226 negotio
455 1141 523 1222 juris
541 1143 632 1202 civilis
648 1143 735 1203 habet
751 1143 876 1223 implici-

191 1237 254 1279 tam
278 1226 527 1293 controversiam„
548 1223 590 1284 Ea
614 1221 656 1284 est
679 1221 872 1295 huiusmodi:

193 1300 325 1379 Quidam
346 1303 486 1384 pupillum
507 1304 647 1364 heredem
665 1303 757 1376 fecit3
781 1305 876 1384 pupil-

190 1381 236 1440 lus
250 1399 346 1442 autem
358 1384 423 1442 ante
437 1401 569 1442 mortuus
582 1381 639 1455 est,
653 1384 739 1463 quim
752 1386 782 1442 in
795 1382 876 1445 suam

192 1462 314 1522 tutelam
333 1465 456 1522 veniret.
483 1461 534 1522 De
554 1464 711 1523 hereditate
731 1484 789 1537 ea,
812 1486 877 1545 quae

214 1543 303 1622 upillo
322 1546 426 1615 venit,
447 1545 521 1602 inter
539 1564 589 1603 eos
609 1546 656 1624 qui
673 1547 758 1624 patris
776 1546 879 1626 pupilli

190 1564 314 1684 heredes
327 1621 441 1684 secundi
456 1621 537 1696 sunt,
553 1625 586 1685 &
599 1626 674 1684 inter
687 1642 806 1706 agnatos
822 1648 876 1706 pu-

191 1704 253 1785 pilli
276 1707 473 1765 controversia
494 1702 544 1764 est.
571 1703 712 1765 Pollessio
734 1704 875 1766 heredum

191 1782 382 1846 secundorum
399 1783 449 1846 est.
471 1783 598 1846 Intentio
619 1783 659 1845 est
678 1803 846 1868 agnatorum
865 1808 874 1847 τ

194 1862 300 1928 Nostra
316 1870 438 1949 pecunia
453 1863 512 1939 est,
526 1866 563 1926 de
579 1889 635 1948 qua
646 1868 668 1926 is
678 1912 687 1939 ,
699 1863 777 1946 cujus
787 1889 876 1950 agna-

192 1949 214 2005 ti
234 1946 347 2023 sumus,
363 1946 477 2009 testatus
498 1969 559 2008 non
582 1945 633 2009 est.
655 1946 799 2028 Depulsio
814 1946 871 2010 est:

192 2025 289 2088 Immo
309 2027 426 2102 nostra,
446 2031 494 2110 qui
512 2029 633 2090 heredes
652 2027 766 2090 secundi
784 2029 876 2090 testa-

192 2127 296 2169 mento
314 2112 401 2191 patris
419 2107 523 2170 sumus.
546 2107 677 2187 Quaestio
695 2107 758 2170 est:
777 2109 875 2170 Utro·

191 2211 256 2249 rum
275 2191 318 2249 sit.
338 2190 425 2248 Ratio
441 2185 504 2247 est:
521 2187 605 2248 Pater
618 2192 695 2249 enim
715 2189 748 2248 &
767 2188 820 2247 sibi
839 2192 873 2250 &

192 2267 253 2329 filio
271 2267 471 2329 testamentum
487 2264 612 2344 scripsit,
632 2267 699 2324 dum
714 2271 736 2326 is
751 2269 876 2347 pupillus

191 2349 260 2412 effet
278 2369 285 2406 :
303 2366 409 2429 quare,
442 2365 485 2404 uae
497 2343 547 2403 filii
557 2344 671 2405 fuerunt
682 2390 691 2418 ,
702 2343 876 2407 testamento

191 2432 279 2509 patris
301 2424 396 2487 nostra
420 2367 490 2486 liant
508 2423 618 2485 necelle
639 2423 689 2485 est.
715 2423 874 2487 Infirmatio

193 2507 234 2566 est
251 2510 367 2568 rationis
385 2529 392 2568 :
411 2506 507 2567 Immo
528 2522 608 2586 pater
625 2505 678 2565 sibi
691 2504 817 2586 scripsit,
841 2509 875 2570 δί

190 2588 348 2649 secundum
359 2587 498 2650 heredem
514 2608 574 2646 non
588 2585 648 2646 filio
659 2633 671 2660 ,
684 2585 734 2646 sed
746 2587 798 2647 sihi
814 2586 877 2668 jus-

190 2675 225 2728 sit
247 2669 312 2730 elle.
338 2669 457 2750 Quare,
476 2685 666 2749 praeterquam
686 2668 765 2748 quod
785 2671 880 2750 ipsius¹

189 2749 242 2809 fuit
256 2753 286 2810 in
299 2749 489 2823 testamento,
502 2749 586 2809 ullius
599 2747 727 2809 vestrim
740 2745 796 2809 elle
811 2772 871 2810 non

190 2829 293 2910 potest.
320 2830 461 2890 ludicatio
480 2851 487 2888 ε
508 2829 640 2889 Possitne
662 2827 807 2908 quisquam
834 2831 874 2890 de

190 2909 241 2969 filii
258 2910 358 2989 pupilli
373 2930 403 2970 re
418 2908 521 2969 testari.
539 2909 588 2969 An
604 2909 726 2968 heredes
742 2907 875 2982 secundi,

191 2992 277 3069 ipsius
294 2987 520 3067 patrisfamilias,
535 3011 596 3073 nen
610 2988 659 3050 filii
676 3008 791 3070 quoque
810 2987 875 3069 ejus

187 3070 288 3155 pupilli
301 3069 421 3131 heredes
437 3071 501 3129 sint.
762 3145 767 3157 ι

687 3147 720 3207 Μ
742 3151 769 3227 fi]
