2400 4067
240 478 317 549 224
365 462 439 527 Du
464 461 794 528 [ursan-trouu

240 578 263 635 si
285 578 347 656 quis
371 575 530 637 doetrinarn
549 596 586 635 ex
608 573 727 654 alicujus
746 574 829 636 do&
848 577 928 636 vitis

239 657 445 737 reprehendat.
462 656 524 717 Aut
543 660 566 715 si
583 659 669 737 quis,
691 677 781 738 quum
798 658 929 739 aliquem

240 738 326 798 volet
344 738 482 811 laudare,
501 737 538 799 de
551 736 690 799 felicitate
707 736 769 811 ejus
779 755 791 808 ,'
809 759 873 799 non
891 739 931 799 de

241 820 349 881 virtute
368 820 454 879 dicat.
474 816 536 879 Aut
553 821 575 877 si
592 820 655 899 quii
673 838 738 880 rem,
755 839 822 878 cum
836 828 871 880 're
890 822 931 879 ita
957 862 960 868 ·

243 902 445 981 comparabit,
464 916 496 958 ut
510 898 631 959 alteram·
648 898 681 959 se·
690 920 751 959 non
768 916 854 980 putet
868 900 933 961 lau·

242 982 335 1053 dare,
357 984 411 1041 nisi
428 980 547 1041 alteram
565 983 755 1061 vituperarit:
775 996 824 1041 aut
843 982 867 1040 si
886 982 934 1040 al·

242 1081 336 1124 teram
358 1065 398 1121 ita
421 1061 545 1135 laudet,
569 1076 602 1119 ut
624 1061 738 1121 alterius
759 1082 822 1121 non
844 1061 934 1123 faciat

243 1143 439 1219 mentionem.

287 1240 336 1303 95.
358 1222 421 1282 Aut
439 1224 486 1295 si,
506 1242 596 1302 quum
614 1221 650 1281 de
669 1237 747 1281 certa
765 1242 797 1282 re
817 1242 936 1304 quaere.-

245 1322 316 1377 πυτ,
338 1302 375 1365 de
394 1306 543 1363 communi
560 1301 726 1363 instituetur
737 1304 833 1363 oratio
855 1324 862 1362 :
878 1322 914 1364 ut
921 1331 935 1378 ·,

246 1390 273 1446 si
291 1387 375 1467 quis,
394 1406 482 1466 quum
504 1384 590 1464 aliqui
616 1383 800 1457 deliberent,
820 1384 936 1445 bellum

248 1484 385 1548 geratur,
402 1488 438 1526 an
455 1487 536 1539 non,
555 1484 658 1544 pacem
674 1463 772 1523 laudet
789 1468 938 1539 omnino,

248 1569 309 1607 non
327 1547 397 1606 illud
416 1547 525 1606 bellum
543 1546 643 1604 inutile
666 1542 722 1605 effe
744 1544 948 1607 demonstret,

251 1627 313 1688 Ant
328 1673 337 1700 ,
355 1630 378 1686 si
394 1630 468 1686 ratio
492 1624 610 1703 alicujus
629 1627 670 1685 rei
687 1625 827 1685 reddetur
843 1625 943 1701 falsa,

250 1708 309 1769 hoc
324 1708 417 1768 modo
433 1729 440 1766 :
456 1706 581 1768 Pecunia
594 1708 707 1768 bonum
722 1704 785 1779 est,
800 1724 942 1787 propter·

253 1809 288 1849 ea
311 1789 390 1868 qubd
415 1809 450 1849 ea
470 1789 596 1851 maxima
615 1790 707 1846 vitam
732 1787 850 1849 beatam
872 1785 946 1851 effi·

253 1872 319 1929 ciat.
336 1866 398 1928 Aut
414 1871 438 1928 si
454 1866 588 1940 infirma,
606 1884 637 1930 ut
653 1866 794 1929 Plautus:

315 1973 427 2033 Amicum
444 1973 557 2039 castigare
574 1971 606 2018 ob
623 1971 731 2036 meritam
744 1971 844 2022 noxiam
854 2007 869 2033 ‚‚

315 2048 426 2098 immune
444 2046 477 2096 est
492 2045 602 2100 facinus;
620 2042 705 2093 verdun
720 2044 744 2093 in
760 2056 833 2095 aetate
851 2046 916 2098 utile

317 2120 350 2169 Et
361 2121 522 2169 conducibile.
534 2119 596 2167 Nam
606 2133 652 2183 ego
664 2118 766 2167 amicum
775 2119 849 2172 hodie
860 2136 948 2176 meunt

318 2191 496 2259 Concastigabo
514 2208 559 2259 pro
578 2190 718 2241 commerita
738 2193 831 2252 noxia,

318 2265 431 2325 Invitus,
452 2266 475 2316 ni
492 2284 530 2316 me
547 2264 571 2313 id
586 2264 674 2314 invitet
690 2277 717 2315 ut
732 2266 817 2315 faciam
831 2265 906 2318 fides·
971 2277 974 2281 ’

253 2355 319 2420 'Aut
338 2357 464 2431 eadem,
486 2356 543 2418 hoc
561 2356 654 2415 modo
671 2353 857 2415 :Maximum
876 2377 946 2417 rna·

196 2499 197 2502 ,
256 2439 317 2499 lum
334 2438 374 2501 est
390 2441 528 2511 avaritia3
545 2438 653 2497 multos
671 2438 749 2495 enirn
765 2437 878 2517 magnis
896 2439 944 2497 in·

219 2561 223 2574 ,
256 2520 423 2582 commodis
441 2519 528 2579 afficit
548 2518 680 2600 pecuniae
704 2516 857 2655 Ἡιὶόὶῐαε.
881 2514 945 2577 Aut

256 2622 359 2681 parum
373 2601 496 2672 idonea,
508 2601 566 2658 hoc
580 2596 694 2656 modo:
748 2598 875 2658 animum
889 2597 947 2657 bo·

257 2702 328 2740 num
345 2679 386 2741 est
406 2683 549 2750 amicitia3
568 2678 700 2757 plurimae
717 2678 795 2738 enim
815 2676 953 2740 delediae

257 2764 352 2822 tiones
369 2760 432 2821 sunt
448 2763 477 2819 in
492 2760 625 2820 amicitia.

300 2841 349 2904 LI.
374 2841 504 2919 Quartus
527 2840 630 2899 modus
654 2853 718 2900 erat
735 2837 948 2919 reprehensio.-

259 2925 322 2996 nis‚
344 2943 397 3003 per
413 2941 501 3002 quent
514 2939 615 2980 contra
627 2918 739 2980 firmam
759 2937 951 3001 argumenta·

259 3008 395 3080 tionem,
410 3002 492 3085 aeque
506 3000 608 3078 firma,
625 3017 674 3065 aut
689 2999 801 3071 firmior
816 3002 956 3086 poneba-

133 3409 287 3582 ’Ν
336 3624 337 3627 w
