2400 4067
448 460 744 534 OnArom
859 475 934 562 &3

270 580 272 585 “
297 573 366 636 126.
383 575 461 656 Quae
476 581 529 638 etsi
546 581 721 658 aequabihter
734 596 936 659 totocorpore

253 659 393 718 orationis
411 657 471 718 fusa
489 657 546 719 effe
560 659 669 733 debet,
687 681 786 720 tamen
804 661 832 717 in
850 682 936 720 com-

254 739 389 797 munibus
406 739 478 799 locis
491 741 615 799 maxime
632 742 773 815 excellet3
793 743 842 821 qui
856 762 939 802 com·

254 838 358 879 munes
372 841 388 877 a
410 820 526 900 pellani,
539 821 618 901 qubd
629 822 765 882 videmur
781 821 937 884 multarum

253 898 343 958 iidem
360 842 417 960 elle
434 900 600 975 causarum,
621 901 670 962 sed
683 905 796 982 proprii
808 903 937 984 singula-

253 1000 318 1039 rum
328 978 385 1040 elle
395 980 553 1042 debebunt.
581 982 622 1041 At
636 984 709 1043 verb
725 985 772 1043 illa
786 1005 853 1061 pars
865 1004 937 1042 ora-

254 1062 360 1135 tionis,
375 1082 439 1142 quae
452 1061 493 1124 est
512 1063 551 1122 de
566 1084 673 1145 genere
683 1062 839 1135 universo,
857 1081 936 1124 totas

254 1140 351 1202 causas
363 1140 437 1225 saepe
454 1147 608 1204 continet:
638 1145 777 1227 quidquid
795 1143 837 1206 est
856 1147 935 1205 enim
1009 1173 1017 1195 ·

253 1222 347 1296 illud,
371 1225 401 1283 in
416 1245 475 1305 quo
490 1227 575 1365 guasi
592 1244 739 1286 certamen
758 1223 799 1287 est
816 1244 938 1287 contro·

521 1329 534 1364 r

254 1306 375 1376 versia,
393 1306 473 1384 quod
535 1305 594 1366 aece
614 1312 745 1384 ιριιέμυον
765 1307 883 1377 dicitur,
905 1304 937 1366 id

253 1385 295 1444 ita
314 1383 372 1443 dici
387 1386 508 1464 placer,
536 1402 569 1444 ut
586 1385 750 1445 traducatur
773 1386 810 1445 ad
829 1407 938 1468 perpe·

253 1481 335 1524 ruam
352 1463 560 1545 quaestionem,
585 1482 671 1545 atque
688 1483 719 1524 ut
744 1466 780 1526 de
802 1465 937 1527 universo

253 1565 365 1628 genere
375 1545 504 1606 dicatur:
525 1548 578 1605 nisi
596 1567 685 1627 quum
704 1547 741 1606 de
753 1567 827 1607 vero
842 1547 937 1608 ambi·

254 1643 360 1709 getur3
396 1623 819 1708 uodquaericonjellurlsolet.

208 1735 211 1738 ⁴
299 1726 366 1783 127.
422 1710 512 1768 icetur
534 1721 631 1766 autem
651 1727 711 1764 non
731 1705 939 1788 Peripatetico·

252 1809 320 1848 rum
341 1809 429 1848 more
452 1796 466 1863 (
476 1786 517 1848 est
537 1791 614 1848 enim
631 1786 747 1846 illorum
767 1791 938 1851 exercitatio
1006 1792 1008 1796 ⁸

254 1869 374 1951 elegans
386 1866 445 1948 jam
460 1869 529 1930 inde
544 1869 581 1928 ab
595 1865 753 1930 Aristotele
768 1867 939 1952 constituta)

252 1949 306 2011 sed
322 1950 467 2032 aliquanti)
484 1953 652 2012 nervosiiis:
670 1950 702 2009 &
717 1953 757 2010 ira
768 1951 805 2011 de
815 1971 847 2012 re
857 1968 941 2012 com-⁴

253 2033 354 2092 munia
373 2031 521 2106 dicentur,
545 2049 577 2090 ut
597 2032 630 2090 &
647 2053 701 2109 pro
718 2034 773 2091 reis
789 2033 877 2090 multa
894 2032 940 2093 le-

253 2115 332 2174 niter
354 2111 503 2184 dicantur,
529 2112 560 2169 ὃ(
581 2113 611 2169 in
633 2111 810 2170 adversarios
829 2109 940 2191 aspere.

253 2192 410 2274 Augendis
424 2192 496 2252 verb
512 2191 616 2262 rebus,
636 2191 668 2248 &
685 2191 785 2250 contri
797 2189 940 2269 abjicien-

254 2274 300 2333 dis
319 2273 388 2332 nihil
403 2270 470 2345 est,
495 2269 577 2352 quod
605 2290 667 2327 non
685 2268 829 2348 perficere
848 2274 942 2350 possit

254 2355 367 2414 oratio:
387 2352 468 2435 quod
478 2352 509 2411 δι
522 2354 597 2410 inter
607 2349 705 2408 media
713 2367 882 2431 argumenta
894 2349 942 2410 fa·

253 2434 392 2495 ciendum
416 2432 457 2493 est
472 2477 482 2506 ,
509 2429 752 2512 quotiescumque·
764 2429 876 2488 dabitur
890 2429 943 2492 vel

230 2560 236 2571 .
254 2513 472 2594 amplificandi,
490 2511 541 2572 vel
560 2510 713 2570 minuendi.
722 2508 823 2584 locus,
840 2511 942 2592 &pe-

255 2615 296 2657 ne
307 2593 414 2654 infinite
423 2597 452 2652 in
461 2592 639 2674 perorando.

298 2673 460 2734 XXXVII,
472 2677 541 2735 Due
552 2671 634 2744 sunt,
651 2693 717 2753 quae
734 2670 812 2731 bene
822 2670 942 2732 trallata

254 2756 296 2817 ab
313 2773 451 2826 oratore,
469 2753 668 2814 admirabilem
682 2752 878 2831 eloquentiam
894 2750 945 2813 fa·

256 2838 361 2893 ciant:
382 2852 505 2911 quorum
526 2835 648 2891 alterum
668 2830 730 2904 est,
745 2832 827 2912 quod
846 2829 944 2890 Graeci

258 2918 338 2979 filiali
351 2921 479 2983 vocant,
502 2912 540 2970 ad
559 2925 693 2981 naturas,
719 2910 805 2968 &ad
822 2929 946 2982 mores,

258 2993 295 3056 &
310 2990 349 3054 ad
362 3009 483 3055 ornnem
496 2993 565 3055 vire
573 2986 813 3054 confiretudinem
824 3007 946 3055 accom-⁴
