2400 4067
322 506 396 582 ¹50
436 463 522 557 'Da
543 489 873 557 Inranrtom

319 603 498 665 detrimento
514 624 523 677 ;
540 604 578 665 eb
589 601 741 665 studiosiiis
755 604 787 670 ὅ(
800 603 855 663 illis
868 601 1012 668 resistens·

319 685 388 745 dum
404 685 476 758 finit,
493 685 706 766 &reipublicae
721 683 943 746 consulendum.

358 765 415 826 lv.
437 765 532 847 Quod
542 765 672 828 nostrum
686 765 767 826 illum
780 786 840 825 non
855 765 930 848 fugit
942 765 1013 828 Ca·

319 862 422 907 tonent
436 891 445 920 ‚
459 867 555 929 neque
572 846 712 922 Laelium,
726 868 763 908 ne
785 867 824 906 ue
833 847 941 908 horum
958 846 1012 929 (ut

318 929 390 988 vere
411 927 528 1012 dicam)
549 928 616 988 disci
639 928 718 988 ulum
739 868 931 1003 Adticanum,
951 950 1013 991 ne·

319 1028 378 1090 que
403 1006 555 1069 Gracchos
578 951 708 1070 Adicani
727 1026 853 1089 nepotes
874 1030 881 1068 :
901 1009 1011 1090 quibus

319 1089 350 1148 in
366 1088 532 1150 hominibus
551 1108 613 1150 erat
627 1089 737 1149 summa
752 1092 865 1165 virtus,
881 1089 1014 1168 &nfirm-

320 1169 369 1229 md
380 1172 488 1231 virtute
503 1169 677 1251 amplificata
689 1169 861 1242 austeritas,
877 1171 930 1244 δι,
945 1193 1015 1253 quae

320 1247 365 1309 his
381 1250 469 1312 rebus
486 1268 681 1324 ornamento,
699 1253 732 1312 ὃ(
747 1250 913 1332 reipublicae
930 1274 1014 1333 prae-

321 1330 396 1390 sidio
413 1329 507 1405 edet,
521 1333 700 1413 eloquentia.
719 1331 842 1412 Quare,
859 1352 930 1392 meo
967 1334 1014 1392 ni-⁴

322 1410 392 1472 dem
409 1415 526 1486 animo,
541 1414 631 1473 nihilo
647 1416 741 1473 minias
757 1414 935 1494 eloquentiae
947 1355 1016 1475 iliu-

323 1493 453 1553 dendum
470 1492 530 1567 est,
544 1497 600 1554 etsi
618 1495 654 1555 ei
670 1495 788 1576 quidam
800 1496 833 1554 &
849 1497 989 1576 privatim
1001 1541 1016 1569 ,

324 1573 358 1634 &
401 1574 496 1634 ublicd
521 1575 660 1655 perverse
685 1575 841 1636 abutuntur
863 1597 872 1635 :
894 1573 946 1636 sed
972 1578 1015 1636 eo

364 1595 443 1715 'dem
453 1655 658 1716 vehementiirs
669 1676 678 1729 ;
688 1677 727 1717 ne
741 1656 809 1715 mali
820 1677 928 1739 magno
942 1678 1013 1716 cum

323 1675 502 1795 detiimento
522 1736 669 1795 bonorum
680 1781 694 1809 ,Α
714 1737 747 1797 &
768 1739 918 1797 communi
941 1758 1013 1798 om·

321 1817 403 1875 nium
425 1817 553 1896 pernicie
575 1817 732 1896 plurimirrn
754 1819 867 1897 possint
889 1838 896 1877 ι
916 1839 1014 1899 quum

323 1896 480 1976 praesertim
496 1895 554 1954 hoe
571 1917 662 1957 unum
678 1900 735 1970 sit,
753 1896 835 1978 quod
849 1895 887 1957 ad
902 1920 1013 1959 omnes

323 1997 370 2037 res
387 1977 418 2036 δι
436 1978 581 2057 privatas,
596 1978 630 2038 &
649 1977 779 2058 publicas
795 1979 920 2038 maximi
940 2000 1013 2119 pet·

323 2059 416 2118 tineat
431 2078 440 2130 ;
456 2058 513 2117 hoc
529 2073 611 2132 tuta,
627 2057 684 2118 hoc
698 2056 839 2130 honesta,
855 2058 914 2118 hoc
932 2061 942 2117 i
955 2059 1014 2120 lus·

322 2140 394 2212 tris,
412 2138 470 2199 hoc
493 2138 602 2199 eodem
621 2141 683 2200 vita
702 2137 828 2221 jucunda
845 2136 906 2198 fiat.
930 2140 1015 2203 Nam

323 2217 391 2278 hinc
412 2220 449 2279 ad
471 2221 682 2301 rempublicam
704 2222 827 2303 plutima
849 2223 1013 2286 commoda

323 2303 473 2376 veniunt,
499 2304 523 2362 si
547 2302 727 2364 moderatrix
751 2304 882 2363 omnium
911 2322 1014 2366 rerum

324 2380 429 2465 praesto
447 2382 487 2444 est
508 2381 536 2443 sa
558 2386 647 2446 ientia
667 2406 675 2444 ι
695 2387 762 2445 hinc
783 2383 820 2444 ad
837 2381 940 2465 ipsos,
962 2386 1015 2467 qui

325 2483 391 2523 eam
410 2464 511 2545 adepti
527 2406 617 2535 (Em,
636 2466 697 2525 laus
716 2510 725 2540 ,
743 2467 868 2536 honor,
887 2464 1013 2548 dignitas

325 2544 448 2603 confluit
464 2565 472 2602 ε
489 2543 556 2604 hinc
575 2547 674 2604 amicis
691 2564 809 2626 quoque
823 2563 925 2605 eorum
942 2567 1012 2606 cer-

323 2625 465 2682 tissimum
488 2644 523 2682 ac
545 2627 718 2683 tutissimum
739 2624 901 2706 ptaesidium
925 2648 1013 2687 com-

325 2720 450 2784 paratur.
469 2701 516 2763 Ac
533 2704 603 2763 mihi
622 2705 741 2786 quidem
757 2704 894 2766 videntur
913 2708 1014 2768 homi·

325 2796 397 2858 nes,
413 2803 503 2866 quum
517 2784 614 2844 multis
629 2787 715 2846 rebus
733 2786 909 2848 humiliores
919 2790 951 2848 ὃ(
967 2791 1012 2848 in-

324 2862 467 2926 firmiores
481 2863 554 2940 fim,
571 2865 626 2925 hac
639 2887 671 2928 re
681 2868 806 2928 maxime
823 2867 917 2929 bestiis
935 2892 1015 2950 prae-

325 2943 420 3020 stare,
438 2947 517 3027 quod
533 2947 614 3027 loqui
630 2947 755 3028 poffunt.
773 2948 874 3028 Quare
894 2953 1016 3031 praecla·

326 3047 392 3089 tum
414 3028 485 3090 mihi
507 3029 646 3112 quiddam
673 3031 790 3094 videtur
814 3031 937 3115 adeptus
958 3033 982 3093 is
1003 3078 1016 3109 ,
