2400 4067
256 474 329 566 176
381 476 454 544 Dr
481 477 814 546 Inrrrrroua

249 610 314 649 rum
329 588 405 648 ordo
422 588 594 666 servabitur,
611 609 643 651 ut
660 593 700 650 ita
718 608 890 666 narrentur,
908 609 942 655 ut

250 668 337 810 {ellae
356 691 402 732 res
423 689 526 746 erunt,
548 691 597 734 aut
614 688 647 733 ut
664 672 785 754 potuisse
806 675 871 757 geri
887 676 943 738 vi·
964 726 967 731 .

273 753 408 814 chuntur.
432 753 489 815 Hic
515 755 569 815 erit
598 753 877 830 considerandum,
902 777 944 820 ne

251 833 322 914 quid
339 835 525 915 perturbate,
548 855 586 896 ne
609 834 679 918 quid
700 837 834 898 contorte
856 837 945 899 ‹lica-

251 930 319 989 tur,
335 936 372 997 ne
387 937 474 997 quam
491 918 521 975 in
536 918 622 977 aliam
633 937 695 978 rem
707 916 886 992 transeatur,
903 939 945 982 ne

252 997 289 1057 ab
299 995 402 1057 ultimo
415 1015 579 1079 repetatur,
594 1019 631 1059 ne
645 998 681 1059 ad
693 1016 856 1059 extremum
871 1022 958 1081 pro·.
972 994 980 1071 ,i

253 1075 374 1152 deatur,
393 1099 430 1138 ne
444 1079 532 1161 quid,
553 1080 635 1160 quod
647 1080 685 1140 ad
700 1101 764 1140 rem
777 1083 958 1161 pertineat„

253 1177 464 1241 praetereatur:
488 1162 521 1220 &
541 1163 686 1235 omnino,
709 1183 774 1243 quae
796 1181 945 1245 praecepta
975 1192 978 1201 ·

254 1240 293 1300 de
312 1240 456 1302 brevitate
471 1240 555 1317 sunt,
573 1242 631 1302 hoc
651 1263 770 1325 quoque
788 1245 819 1302 in
834 1263 946 1327 genere

254 1320 318 1385 sunt
338 1321 548 1384 conservanda.
571 1322 650 1386 Nam
672 1323 747 1405 saepe
769 1344 816 1384 res
838 1346 945 1407 parum
972 1344 994 1389 ·!

254 1400 297 1464 est
306 1404 453 1467 intellecta
460 1404 642 1490 longitudine
652 1428 700 1466 ma
720 1409 764 1480 is,
780 1405 872 1488 quam
886 1407 953 1467 ob-·
979 1418 993 1461 z·

238 1483 388 1567 ‚sturitate
400 1489 580 1548 narrationis.
593 1487 641 1548 Ac
657 1427 753 1550 verbis
766 1507 886 1570 quoque
901 1487 947 1549 di·
979 1492 985 1509 '

254 1567 359 1628 lucidis
375 1569 517 1630 utendum
536 1566 577 1630 est
599 1590 685 1650 :quo
708 1569 745 1629 de
768 1587 876 1651 genere
898 1569 947 1631 di-

256 1650 382 1711 cendum
400 1649 487 1713 estin
502 1649 856 1732 praeceptiselocutionis.

300 1730 398 1793 XXI.
419 1731 579 1792 Probabilis
597 1735 652 1792 erit
668 1733 812 1807 narratio,
828 1733 897 1794 siin
910 1751 948 1794 ea

256 1811 433 1873 videbuntur
450 1810 537 1872 inclle
555 1833 610 1886 ea,
652 1834 695 1872 uae
711 1812 805 1874 solent
822 1834 950 1896 appare·

258 1913 291 1953 re
314 1895 345 1951 in
365 1896 489 1954 veritate
510 1914 518 1953 :
537 1895 562 1953 si
604 1913 621 1954 e
648 1914 769 1954 onarum
791 1893 820 1953 di
842 1898 948 1956 nitates

258 1973 447 2067 servabuntur
458 1995 469 2048 3
480 1976 504 2034 si
516 1915 605 2035 cauli}
617 1974 760 2039 saliorum
771 1995 788 2036 e
870 1993 923 2037 unt
936 1996 946 2050 ς
984 1982 994 2059 gi

258 2057 285 2114 si
303 2055 382 2117 baille
392 2055 550 2119 :facultates
565 2055 691 2119 faciundi
705 2056 883 2118 videbuntur
896 2078 907 2132 3
924 2059 949 2117 ai
984 2058 994 2091 ‘¹

259 2153 375 2218 tempus
391 2138 531 2199 idoneum
547 2159 557 2211 3
575 2140 599 2198 si
614 2137 695 2220 spatii
705 2137 775 2199 *satis
794 2160 804 2211 3
824 2139 849 2198 si
864 2137 949 2200 locus
984 2170 994 2205 .·

259 2237 445 2300 opportunus
465 2218 501 2280 ad
519 2219 655 2283 eamdem
678 2240 761 2294 rem,
780 2241 838 2301 qua
857 2219 895 2282 de
914 2238 947 2280 re
992 2250 994 2263 =

258 2301 441 2378 narrabitur,
456 2299 536 2363 fuisse
551 2299 718 2365 ostendetur
734 2322 744 2375 ;
762 2302 786 2362 si
802 2321 849 2362 res
864 2299 949 2362 &ad

259 2401 385 2459 eorum,
401 2387 450 2467 qui
464 2401 573 2467 agunt,
588 2401 741 2458 naturam,
759 2383 792 2444 ὃ(
811 2381 848 2444 ad
865 2382 949 2466 vulgi

257 2485 434 2541 rumorem,
460 2467 494 2527 &
516 2465 555 2528 ad
574 2485 677 2526 eorum
697 2511 707 2540 ,
729 2465 779 2546 qui
803 2463 946 2538 audiunt,

259 2548 432 2626 opinionem
446 2547 726 2609 accommodabitur.
742 2546 790 2607 Ac
805 2547 870 2607 veri
883 2546 948 2627 qui·

260 2625 330 2686 dem
344 2627 443 2687 similis
457 2648 493 2689 ex
504 2628 549 2687 his
561 2627 720 2692 rationibus
732 2625 788 2690 elle
800 2628 919 2708 poterit.

305 2724 352 2786 30.
375 2706 452 2771 Illud
476 2726 573 2770 autem
599 2727 739 2790 praeterea
765 2707 950 2771 considerare

260 2789 432 2869 oportebit,
453 2809 513 2864 ne,
531 2807 580 2851 aut
596 2812 687 2872 quum
707 2790 784 2851 obsit
799 2790 951 2865 narratio,

260 2885 310 2930 aut
326 2892 417 2952 quum
435 2871 504 2932 nihil
515 2873 629 2952 prosit,
643 2889 711 2933 tunc
725 2876 928 2955 interponatur
940 2894 950 2946 ;

261 2970 311 3012 aut
330 2974 393 3015 non
414 2951 508 3028 loco,
529 2969 576 3012 aut
595 2974 676 3028 non,
699 2952 951 3036 quemadmodum

261 3033 342 3098 causa
347 3031 477 3120 postulat
484 3079 495 3113 ‚
507 3051 646 3100 narretur.
657 3032 752 3101 Obest
761 3052 823 3098 tum
835 3079 845 3112 ,
859 3056 953 3120 quum
