2400 4067
636 665 757 722 AD
809 648 1343 745 HEREJYNIUM
1391 612 1679 718 LIII.
1777 671 1883 748 59

515 787 661 837 quam
691 771 773 820 ille
794 768 1123 820 fortitudinem
1143 767 1400 818 nominarit
1420 802 1436 827 ,
1470 785 1575 819 eam
1596 787 1684 820 nos
1707 767 1885 838 gladia-

514 844 689 894 toriam
708 877 726 903 ,
766 843 816 895 δι
833 842 1239 894 inconsideratam
1267 842 1608 909 appellabimus
1635 846 1885 896 temerita-

510 930 634 969 tem.

588 991 682 1044 IV.
711 990 972 1041 Laudabile
995 989 1063 1040 est
1083 1022 1101 1046 ,
1132 988 1265 1056 quod
1295 987 1496 1042 conficit
1522 989 1764 1040 honestam
1781 1024 1797 1050 ,
1833 991 1886 1045 δι

510 1066 794 1132 praesentem
809 1098 826 1124 ‚
848 1064 899 1116 δι
919 1065 1199 1130 sequentem
1220 1066 1748 1114 commemorationem.
1771 1065 1886 1115 Hoc

509 1155 601 1189 nos
632 1137 693 1190 eo
715 1156 742 1188 a
763 1139 898 1188 recto
919 1137 1238 1204 separavimus
1259 1170 1274 1196 ,
1308 1154 1408 1187 non
1428 1135 1557 1204 quod
1579 1138 1654 1187 hae
1678 1128 1886 1204 qu‘atuor

507 1218 671 1280 partes
693 1245 710 1272 ,
742 1230 850 1279 quae
871 1210 1181 1277 subjiciuntur
1210 1210 1293 1263 sub
1313 1211 1552 1264 vocabulo
1574 1212 1691 1261 reffi
1713 1245 1727 1270 ‚
1763 1213 1888 1263 hanc

506 1285 769 1343 honestatis
791 1284 1298 1336 commemorationem
1319 1284 1432 1335 dare
1452 1301 1551 1335 non
1572 1284 1784 1336 soleant:
1804 1286 1888 1336 sed

508 1377 792 1429 quamquam
826 1377 889 1410 ex
917 1359 1051 1410 tedio
1080 1359 1318 1410 laudabile
1352 1359 1608 1417 nascatur,
1641 1371 1803 1409 tamen
1833 1360 1886 1410 in

507 1435 719 1485 dicendo
742 1433 948 1485 seorsum
966 1432 1263 1489 uastandam
1285 1431 1352 1483 est
1372 1435 1470 1483 hoc
1491 1428 1553 1482 ab'
1570 1431 1677 1487 illo.
1705 1435 1885 1500 Neque

508 1508 639 1558 enim
672 1507 824 1558 seium
858 1507 1013 1556 laudis
1051 1507 1195 1558 causa
1228 1506 1410 1555 reitum
1442 1506 1575 1572 sequi
1607 1509 1837 1556 convenit
1862 1539 1880 1564 ,

511 1581 595 1631 sed
617 1580 658 1630 si
678 1582 781 1630 laus
811 1579 1118 1644 consequitur
1136 1611 1151 1636 ,
1184 1578 1455 1642 duplicatur
1476 1578 1593 1628 refti
1623 1580 1887 1643 appetendi

508 1655 759 1705 voluntas.
781 1650 947 1716 Quum
965 1651 1108 1717 igitur
1128 1649 1222 1698 erit
1242 1649 1652 1700 demonstrandum
1672 1652 1853 1702 testum
1868 1685 1886 1710 ,

510 1726 752 1777 laudabile
784 1723 879 1776 effe
910 1721 1331 1773 demonstrabimus
1361 1735 1447 1773 aut
1476 1724 1537 1773 ab
1571 1723 1757 1774 idoneis
1795 1728 1894 1776 ho-

513 1801 722 1851 minibus
744 1832 761 1860 ,
802 1811 859 1849 ut
885 1799 927 1848 si
952 1813 1045 1863 qua
1076 1813 1154 1848 res
1175 1796 1440 1845 honestiori
1471 1797 1626 1847 ordini
1654 1801 1845 1865 placeat
1869 1831 1889 1858 ,

513 1891 624 1940 quae
647 1890 674 1922 a
696 1872 938 1923 deteriore
962 1870 1130 1920 ordine
1156 1870 1460 1936 improbetur
1489 1886 1506 1921 z
1535 1883 1619 1920 aut
1638 1873 1698 1920 ab
1719 1873 1896 1939 aliqui·

514 1949 607 1998 bus
636 1947 776 1997 sociis
797 1980 813 2004 ,
850 1957 934 1995 aut
960 1945 1182 1994 omnibus
1205 1944 1389 1994 civibus
1417 1977 1434 2003 ‚
1474 1944 1655 1995 exteris
1684 1947 1894 1999 nationi·

508 2021 599 2071 bus
624 2055 638 2080 ‚
679 2018 971 2087 posterisque
1007 2018 1195 2068 nostris.
1241 2016 1407 2082 Quum
1443 2015 1711 2084 hujusmodi
1750 2021 1893 2071 loco·

512 2113 619 2147 rum
641 2093 893 2144 divisio·sit
914 2093 962 2142 in
985 2093 1335 2144 consultatione
1352 2126 1366 2150 ‚
1390 2093 1606 2143 breviter
1625 2095 1892 2161 aperienda

514 2168 584 2218 est
612 2168 763 2218 totius
791 2166 1010 2216 trafiatio
1035 2166 1206 2215 causae.
1244 2166 1466 2215 Exordiri
1498 2167 1664 2217 licebit
1689 2202 1704 2227 ,
1743 2171 1826 2219 vel
1859 2191 1890 2222 a

513 2241 751 2308 principio
776 2273 792 2299 ,
830 2241 911 2289 vel
933 2241 990 2288 ab
1023 2239 1342 2288 insinuatione
1363 2273 1379 2298 ,
1417 2241 1498 2289 vel
1522 2241 1581 2288 ab
1612 2241 1776 2290 iisdem
1807 2260 1892 2292 ra-

516 2315 756 2373 tionibus,
782 2314 950 2379 quibus
974 2314 1022 2360 in
1043 2311 1263 2378 judiciali
1279 2312 1434 2361 causa.
1458 2313 1508 2361 Si
1530 2312 1665 2378 cujus
1686 2315 1757 2363 rei
1779 2333 1897 2367 nar·

514 2389 641 2437 ratio
683 2386 865 2434 incidet
890 2418 905 2443 ,
947 2385 1115 2433 eadem
1153 2386 1342 2433 ratione
1379 2402 1573 2434 narrare
1613 2389 1884 2452 oportebit.

523 2457 776 2521 Quoniam
794 2457 845 2502 in
875 2455 1144 2517 hujusmodi
1174 2457 1328 2505 causis
1355 2455 1465 2505 finis
1485 2457 1552 2504 est
1579 2460 1756 2508 utilitas
1780 2491 1797 2515 ,
1834 2464 1887 2511 &

521 2547 586 2580 ea
608 2528 839 2577 dividitur
861 2526 911 2572 in
932 2525 1173 2572 rationem
1192 2536 1345 2572 tutam
1365 2538 1511 2588 atque
1540 2528 1785 2574 honestam
1810 2546 1824 2577 ε
1851 2535 1894 2581 si

522 2617 783 2668 utrumque
810 2598 1073 2664 poterimus
1100 2594 1350 2644 ostendere
1371 2629 1386 2653 ,
1416 2607 1668 2661 utrumque
1699 2599 1901 2663 pollice.

526 2678 685 2728 bimur
717 2690 807 2723 nos
827 2674 877 2721 in
909 2670 1116 2720 dicendo
1138 2667 1544 2718 demonstraturos
1566 2669 1658 2718 effe
1682 2688 1699 2729 3
1733 2672 1804 2719 sin
1835 2677 1904 2723 al·

524 2764 689 2803 tetum
711 2744 1075 2798 demonstraturi
1094 2746 1270 2793 erimus
1295 2778 1309 2801 ,
1336 2743 1615 2809 simpliciter
1635 2779 1649 2803 ,
1683 2746 1811 2811 quod
1836 2750 1915 2797 di-

528 2825 652 2875 &uri
677 2823 831 2874 sumus
855 2855 869 2879 ,
907 2818 1225 2868 ostendemus.
1256 2818 1322 2867 At
1355 2819 1394 2868 si
1429 2819 1630 2868 nostram
1662 2821 1898 2872 rationem

528 2910 685 2950 tutam
715 2894 809 2946 effe
834 2894 1046 2943 dicemus
1068 2925 1088 2950 2
1119 2893 1357 2942 divisione
1382 2905 1572 2941 utemur
1593 2894 1639 2941 in
1670 2894 1767 2942 vim
1789 2931 1809 2954 ,
1847 2898 1899 2946 &

533 2971 801 3022 consilium.
820 2970 946 3018 Nam
965 3001 979 3024 ‚
1018 2967 1150 3032 quod
1179 2967 1230 3015 in
1251 2967 1474 3014 docendo
1496 2968 1563 3016 rei
1587 2968 1731 3016 {li-luci
1761 3027 1774 3035 .
1812 2962 1837 2983 ⁵

537 3043 682 3093 eausa
703 3043 866 3092 dolum
885 3040 1226 3107 appellavimus
1248 3074 1261 3098 ,
1295 3040 1342 3088 id
1362 3041 1411 3088 in
1431 3040 1635 3088 dicenda
1667 3040 1759 3095 lmss

544 3115 799 3166 consilium
831 3114 1190 3180 appellabimus.
1226 3113 1276 3163 Si
1306 3114 1502 3161 rationis
1530 3116 1702 3164 nostrae

545 3190 665 3241 tiam
695 3186 872 3242 sectam
905 3186 998 3237 effe
1025 3188 1244 3245 dicemus
1267 3218 1283 3247 ‚
1323 3188 1373 3240 &
1408 3203 1571 3241 omnes
1607 3203 1667 3248 pn.

1571 3256 1615 3304 C
1655 3256 1713 3324 vj
