2400 4067
241 451 332 541 444'
435 445 735 516 Onaron.

242 568 343 646 imago.
365 564 575 644 exprimatur,¹
590 563 672 643 quod
697 583 796 645 neque
814 563 931 636 oculis,

242 664 348 726 neque,
359 643 474 716 auribus
483 688 500 718 ,,
513 661 614 724 neque
634 644 694 703 ullo
708 642 800 710 ,sensus
817 646 931 726 percipi

241 723 339 807 potest
355 743 366 800 ·,
381 746 383 751 ·
397 725 576 806 cogitatione
602 727 736 798 rantum,
765 725 800 786 &
828 743 930 786 mente

241 804 470 888 complodiimur.
483 827 486 875 j
501 802 602 886 Itaque
624 805 657 865 &
677 803 796 866 Phidiae·
810 807 929 866 simula·

243 888 298 946 cris
308 931 322 960 ,‚
334 886 437 967 quibus
451 884 520 945 nihil
534 888 564 946 in
578 884 630 944 illo
645 894 754 967 genere
772 885 929 968 persedius

241 967 396 1040 videmus,
418 965 505 1038 &hir
517 965 649 1045 piduris,
667 987 737 1047 quas
755 969 929 1040 nominavi,

242 1049 378 1130 cogitare.-
387 1064 486 1107 tamen
502 1043 650 1127 postumus
660 1047 835 1126 pulchriora.
863 1046 927 1108 Nec

241 1129 315 1189 verb
327 1126 376 1188 ille
387 1125 511 1199 artifex,
531 1148 621 1208 quum
639 1127 750 1187 faceret-
760 1128 845 1189 Jov-is
865 1127 926 1188 for·

241 1228 342 1281 memo·
356 1225 413 1279 aut·
423 1207 586 1280 Minervae,
607 1208 862 1289 contemplabatur
875 1210 925 1268 ali·

242 1308 351 1369 quem,
366 1284 388 1349 ¹e
401 1309 460 1369 quo
478 1287 694 1351 similitudinem
709 1289 829 1351 duceret
844 1311 851 1349 :
874 1289 928 1350 sed·

240 1371 335 1450 ipsius.
345 1372 375 1429 in
391 1385 491 1430 mente
508 1369 657 1430 insidebat
670 1368 780 1450 species
798 1370 926 1451 pulchri-

240 1450 348 1510 tudinis
360 1451 463 1510 eximia
475 1450 626 1532 quadam,
646 1472 740 1531 quam.
749 1453 884 1524 intuens,
895 1453 928 1509 in⁴

240 1551 334 1612 euque
353 1529 483 1604 defixus,
502 1531 540 1591 ad
555 1530 628 1591 illius
643 1530 863 1593 similitudinem
877 1553 923 1592 ar-

238 1627 301 1672 tem
314 1613 474 1672 &mamun
488 1610 638 1692 dirigebat.
696 1678 701 1683 ,
762 1648 765 1657 1

274 1690 336 1753 -11-1.
357 1691 420 1751 Uti
439 1695 495 1751 itur
506 1694 535 1751 in
548 1691 650 1752 formis
668 1692 700 1752 &
714 1691 864 1774 figuriscst
875 1693 924 1752 ali·

239 1772 315 1854 quid:
328 1771 410 1854 perse
458 1793 488 1832 m
504 1773 536 1830 ὃ(
547 1772 693 1842 ¹excellens
703 1816 712 1846 ‚
723 1771 811 1848 cujus
825 1773 864 1833 ad
872 1795 925 1833 co-

238 1855 360 1934 gitatam
380 1851 505 1932 speciem
526 1853 668 1926 imitando
691 1853 856 1914 referuntur
870 1875 926 1928 ea„

231 1931 305 2013 quae
319 1931 487 1993 suboculos
505 1931 564 2011 ipsa
582 1934 688 1993 cadunt
700 1955 716 2007 ;Ι
727 1937 769 1993 sic
788 1934 920 2015 perfeiiae

238 2013 412 2094 eloquentiae
427 2012 552 2092 speciem
566 2016 666 2079 animo¹
680 2016 838 2090 uidemus,
861 2015 921 2077 effi·

237 2096 317 2176 giem
334 2095 623 2175 auribuquuaerimus.

283 2194 333 2234 10..
346 2176 407 2235 Has
419 2195 514 2248 terum
530 2174 638 2237 formas
648 2175 775 2257 appellat
786 2177 925 2249 idearille

237 2275 300 2317 non
312 2255 497 2338 intelligendi.
508 2254 619 2328 solim,
637 2255 788 2318 sedetiam
807 2258 926 2319 dicendi-

236 2338 419 2418 gravissimus
443 2336 541 2396 aanor
567 2337 600 2396 &
624 2336 779 2418 magister,
810 2339 926 2410 Plato,

237 2417 341 2499 easque
360 2419 445 2499 gigni.
460 2433 569 2500 negat,
596 2417 630 2476 ὃ(
649 2420 689 2477 ait
708 2417 823 2500 semper
844 2418 923 2493 effe,

234 2518 270 2558 ac
291 2499 404 2559 ratione
423 2497 455 2557 &
474 2497 665 2579 intelligentiis
685 2503 850 2560 contineri:
871 2521 921 2561 ce-

235 2594 299 2638 tera
320 2577 415 2650 nasci,
443 2578 596 2649 occidere,
626 2580 737 2652 fluere,
760 2580 842 2651 labi,
867 2601 921 2641 nec

235 2658 339 2718 diutius
350 2655 482 2725 effeuno:
491 2658 531 2727 &¹
540 2659 648 2728 eodem
660 2658 743 2722 statu.
767 2660 921 2741 Quidquid

235 2737 276 2799 est
294 2740 396 2820 igitur,
419 2737 531 2818 dequo
549 2742 661 2799 ratione
680 2741 712 2799 &
725 2742 773 2800 vii
793 2740 926 2821 dispute-

233 2837 302 2894 tur,
322 2817 402 2880 idest
419 2818 456 2877 ad
472 2820 603 2878 ultimam
615 2820 655 2880 sui
667 2824 782 2902 generis
794 2821 921 2882 formam

232 2900 413 2983 speciemque
431 2899 632 2981 redigendum.

279 3001 322 3044 11.
341 2981 387 3046 Ac
399 2980 511 3055 video,
527 2981 600 3042 hanc
617 2982 740 3069 primam
759 2984 926 3064 ingressio-
