2400 4067
253 479 324 528 122
374 457 842 524 Rubronrconvnr

286 593 329 637 50.
351 575 415 642 Ergo
433 576 484 624 haec
502 571 647 629 exornatio,
667 569 706 637 cui
723 570 839 621 licentiae
859 587 944 625 nomen

248 648 296 709 est,
314 650 387 700 sicuti
402 646 613 697 demonstravimus
622 678 632 701 ,
652 642 743 708 duplici
761 644 868 695 ratione
885 660 944 697 trac·

248 723 340 773 rabitur
357 740 365 781 3
385 720 533 777 acrimonia,
559 736 612 786 quae
627 717 648 769 si
663 714 764 781 nimidm
780 719 866 769 fuerit
881 719 945 787 alpe·

247 813 273 848 ra
286 831 293 855 ,
309 796 455 864 mitigabitur
471 794 541 845 laude
558 810 567 852 ς
585 793 611 843 δι
626 791 835 849 assimulatione,
856 794 890 843 de
901 790 944 861 qui

248 868 363 937 posternis
381 869 501 926 diximus,
517 885 571 933 quse
585 883 636 915 non
648 864 745 932 indiget
761 866 942 933 mitigationis,

247 957 378 1010 propterea
393 941 458 1008 quod
474 942 581 991 imitatur
595 939 736 997 licentiam,
754 939 783 989 δι
799 940 847 991 sud
864 940 943 1007 sponte

247 1018 278 1067 ad
292 1018 395 1066 animum
411 1015 527 1065 auditoris
543 1014 566 1063 se
582 1012 763 1063 accommodat.

285 1090 309 1138 X
317 1089 403 1139 XXV
411 1090 420 1138 l
428 1089 438 1137 1
447 1090 467 1138 Ι.
482 1087 626 1138 Deminutio
637 1085 669 1135 est
680 1119 687 1144 ,
701 1103 777 1151 quum
789 1085 892 1153 aliquid
902 1084 942 1139 effe

247 1164 272 1213 in
289 1163 376 1220 nobis,
392 1163 472 1211 autin
487 1163 533 1219 iis,
550 1177 610 1226 quos
627 1159 801 1218 defendimus,
819 1172 868 1211 aut
882 1173 942 1211 natu·

246 1237 292 1294 ri,
308 1249 350 1286 aut
365 1234 479 1293 fortuni,
497 1247 538 1283 aut
550 1232 662 1283 industrii
672 1233 785 1283 dicemus
797 1234 940 1302 egregium:

248 1310 336 1376 quod,
358 1326 388 1359 ne
409 1326 455 1376 qua
476 1305 626 1376 significetur
647 1322 766 1373 arrogans
788 1306 939 1367 ostentatio.

249 1384 413 1442 deminuitur,
430 1382 455 1433 δε
471 1392 610 1432 attenuatur
627 1379 762 1449 oratione,
779 1379 835 1430 hoc
853 1374 945 1443 modos⁸

248 1458 313 1507 Nam
329 1458 372 1506 hoc
386 1474 431 1525 pro
442 1473 492 1505 meo
504 1454 576 1521 jure,
591 1452 704 1511 ludices,
717 1453 797 1509 dico,
815 1454 940 1507 melchon

251 1531 273 1580 ὃ
291 1530 403 1592 industria
418 1527 524 1595 curaffe,
540 1543 566 1577 ur
582 1524 731 1595 disciplinam
746 1526 887 1579 militarem
901 1546 941 1579 m

249 1604 274 1652 in
287 1605 408 1672 postremis
421 1618 533 1652 tenerem.
550 1601 598 1651 Hic
616 1601 636 1650 si
654 1600 706 1665 quis
722 1598 847 1663 dixisset,
862 1618 890 1653 ae
904 1620 941 1671 op·

249 1677 304 1725 rimi
321 1693 439 1732 tenerem,
456 1676 551 1726 tametsi
567 1673 627 1723 vere
644 1672 757 1731 dixisset,
775 1688 866 1727 tamen
883 1692 940 1727 arro·

250 1767 308 1818 gans
325 1751 387 1799 visus
403 1748 483 1798 esset:
502 1764 565 1797 nunc
583 1748 609 1797 bt
624 1747 653 1794 ad
669 1746 787 1796 invidiam
803 1748 940 1808 vitandam,

250 1825 277 1872 dc
291 1824 321 1871 ad
333 1822 428 1871 laudem
441 1821 623 1885 comparandam
635 1820 688 1869 satis
700 1819 793 1870 diuum
806 1822 857 1873 est.
870 1824 941 1880 itm,

252 1894 337 1945 Utrum
353 1895 424 1962 igitur
441 1894 546 1943 auaritiae
563 1893 652 1948 cauni,
670 1911 700 1941 an
717 1894 834 1960 egestatis
851 1896 942 1947 accessis

250 1970 282 2018 ad
299 1967 438 2036 maleficium
454 1967 467 2015 ?
484 1966 600 2016 Avaritiae
618 1965 631 2015 ?
648 1981 674 2015 at
691 1966 846 2034 largissimus
856 1968 942 2036 filiola

250 2042 357 2097 amicos,
381 2041 443 2107 quod
461 2041 550 2108 signum
568 2039 722 2089 liberalitatis
739 2040 796 2102 est,
818 2060 874 2111 qua
891 2060 942 2095 eoa·

250 2116 326 2165 rran'a
342 2114 447 2164 avaritia
462 2113 501 2176 est.
517 2113 635 2181 Egestatis
650 2113 663 2162 ?
679 2127 705 2161 ar
719 2113 775 2162 luris
793 2116 893 2182 quiden
904 2134 943 2185 pl·

251 2204 289 2238 rer
303 2186 380 2251 (nolo
397 2186 491 2237 uimidm
508 2188 606 2253 dicere)
623 2204 671 2235 non
686 2186 855 2241 tenuissimum
868 2190 943 2259 pmi-

251 2262 351 2311 morisim
364 2260 468 2328 reliquit.
482 2258 530 2310 Hic
545 2277 643 2327 quoque
658 2261 761 2310 vitatum
777 2262 836 2323 est,
854 2282 888 2317 ne
900 2280 943 2313 ua·

250 2353 319 2404 gnum
334 2348 375 2385 aur
391 2335 514 2384 maximum
529 2334 661 2384 diceretur.
679 2334 735 2383 Hoc
750 2333 833 2402 igitur
847 2338 875 2389 in
890 2354 943 2389 nos·

250 2410 294 2460 tris
315 2443 322 2468 ‚
345 2422 386 2459 aut
408 2426 516 2467 eorum,
541 2425 601 2474 quos
624 2407 788 2459 defendemus
808 2442 818 2470 ‚
842 2411 943 2481 egregiis

250 2483 384 2532 commodis
407 2482 558 2548 proferendis
578 2480 783 2533 observabimus:
804 2500 866 2537 nam
885 2483 944 2553 ejde-

251 2556 317 2604 modi
340 2572 379 2604 res
407 2556 432 2605 dt
460 2554 571 2603 invidiam
596 2554 745 2604 contrahunt
768 2554 797 2607 in
822 2558 899 2618 vita,
918 2557 942 2617 ,u

252 2629 333 2677 odium
345 2628 368 2676 in
382 2628 512 2686 oratione,
530 2627 549 2677 si
562 2627 742 2678 inconsiderate
753 2630 863 2683 tralles.
877 2632 942 2697 Qua·

252 2718 297 2759 re,
308 2701 506 2767 quemadmodum
517 2701 611 2751 ratione
621 2702 646 2751 in
656 2701 764 2753 vivendo
777 2704 942 2773 fulginasirmi·

252 2776 308 2833 dia,
324 2775 358 2825 sic
374 2775 398 2824 in
414 2775 534 2834 dicendo,
550 2775 652 2825 consilio
666 2776 756 2825 vitatur
774 2778 887 2833 odium..

290 2848 433 2898 XXXIX.
453 2849 591 2914 Descriptio
611 2850 766 2907 nominatur,
788 2868 847 2918 qua
866 2868 943 2905 terum

252 2923 448 2989 consequentium
466 2924 575 2973 continet
594 2923 744 2989 perspicuam
765 2924 794 2975 δι
815 2926 944 2977 dilucidam

253 3013 309 3048 eum
323 2998 441 3067 gravitate
462 2997 659 3066 expositionem,
679 2998 728 3049 hoc
745 3000 826 3059 modo
844 3016 854 3055 s
875 2998 944 3075 ΨΜ
