2400 4067
321 476 371 526 20
421 457 902 523 Rnrtonrconvn

320 560 347 624 di
366 573 464 624 rationis
485 572 648 630 defensione,
668 572 716 621 hoc
734 571 807 622 modo
823 587 831 622 t
848 571 930 644 Quum
949 572 1015 624 dicat

321 646 414 709 Orestes
429 679 437 705 ,
454 642 572 714 Jipatris
591 640 719 712 ulciscendi
738 646 809 694 cauni
826 661 927 696 matrem
948 649 1014 697 occi·

319 718 394 786 drffi,
410 720 523 770 redamate
534 718 612 787 fuerit
627 735 642 766 a
652 717 710 786 filio
725 718 775 768 sine
785 719 879 785 judicio
899 719 1014 786 Clytaem·

319 793 418 856 nestram
443 793 528 844 occidi.
552 792 619 859 Ergo
644 793 689 841 hac
712 792 806 842 ratione
832 790 1013 856 judicationem

319 868 428 933 reperire
447 866 571 916 convenit.
591 864 701 930 Reperti
720 864 886 930 judicatione,
911 882 1013 919 omnem

319 941 438 991 rationem
454 941 530 988 totius
548 938 664 987 orationis
682 934 712 987 eb
730 938 834 987 conferti
849 941 995 1003 oportebit.

356 1013 441 1064 xvn.
462 1013 489 1062 in
504 1013 614 1061 omnibus
630 1010 838 1060 constitutionibus
857 1011 884 1062 ὃ(
900 1014 1014 1077 partibus

319 1085 517 1136 constitutionum
532 1087 577 1134 hac
594 1083 634 1133 vii
650 1083 811 1149 judicationes
831 1085 1012 1150 reperientur,

318 1170 478 1226 praeterquam
498 1159 524 1207 in
544 1156 700 1221 conjedurali
723 1156 905 1206 constitutione.
935 1160 967 1209 ln
985 1177 1014 1212 ea

319 1232 384 1281 enim
402 1247 447 1282 nec
466 1233 528 1281 ratio
546 1230 681 1297 quaeritur,
703 1246 777 1296 quate
792 1231 904 1290 fecerit;
926 1233 1014 1283 fecisse.

318 1306 383 1355 enirn
397 1317 517 1372 negatur:
530 1321 576 1352 nec
590 1301 763 1353 firmamentum
779 1303 914 1370 exquiritur
926 1323 935 1363 ς
953 1325 1015 1374 quo·

319 1379 381 1428 niam
403 1395 452 1428 non
471 1376 547 1428 subest
567 1377 640 1427 ratio.
664 1375 748 1440 Quare
767 1393 798 1426 ex
819 1378 962 1429 intentione
989 1381 1014 1432 ἃ

319 1451 463 1502 infitiatione
478 1451 593 1516 judicatio
608 1450 778 1507 constituitur,
795 1450 843 1499 boc
860 1451 938 1501 modo
953 1469 961 1504 t
976 1454 1017 1503 in·

319 1526 399 1574 tentio
416 1525 470 1582 est;
487 1525 602 1584 Occidisti
615 1523 720 1587 Ajacem.
739 1522 872 1581 Infitiatio,
894 1524 958 1574 Non
975 1544 1015 1577 οι·

320 1597 376 1647 cidi.
394 1597 534 1654 Judicatio,
556 1596 715 1645 occideritne.
736 1595 808 1644 Ratio
824 1595 903 1645 omnis
920 1600 1016 1650 utrius·

320 1688 368 1737 que
384 1671 519 1728 orationis,
536 1683 563 1718 ut
577 1667 634 1717 anti
650 1668 735 1716 diuum
750 1667 800 1726 est,
819 1669 848 1718 ad
863 1670 926 1719 hane
946 1670 1016 1735 judi·

320 1745 442 1793 tationem
460 1742 607 1792 conferenda
623 1739 665 1788 est,
688 1741 712 1788 Si
730 1741 811 1804 piures
828 1755 900 1791 erunt
920 1746 1015 1796 consti·

318 1817 444 1871 tutiones,
461 1825 503 1862 aut
518 1825 598 1877 partes
614 1811 807 1862 constitutionum
820 1831 827 1872 ;
843 1813 1016 1879 judicationes

319 1904 416 1954 quoque
436 1887 518 1952 piures
540 1895 612 1933 erunt
629 1884 654 1932 in
675 1901 720 1932 una
741 1885 830 1944 causa,
855 1887 897 1936 sed
922 1907 1016 1945 omnes

318 1960 390 2012 simili
409 1959 502 2009 ratione
523 1957 683 2022 reperientur.
705 1956 795 2006 Seduld
816 1959 924 2010 dedimus
949 1981 1018 2031 ope.

318 2050 387 2092 ram,
408 2031 562 2081 utbreviter
585 2031 612 2080 δι
634 2029 755 2088 dilucide,
778 2031 863 2095 quibus
883 2032 915 2079 de
934 2039 1019 2090 rebus

318 2106 399 2155 adhuc
422 2104 551 2153 dicendum
573 2103 639 2160 fuit,
661 2101 804 2151 diceremus.
830 2102 922 2160 Nunc,
946 2125 1018 2172 quo.

318 2179 381 2228 niam
394 2177 448 2227 satis
459 2175 530 2241 hujus
541 2175 669 2225 voluminis
679 2174 818 2242 magnitudo
829 2175 907 2224 crevit
919 2210 926 2234 ,
943 2196 1017 2232 com.

318 2252 414 2302 modius
431 2250 464 2300 est
480 2251 503 2299 in
517 2251 595 2299 altero
612 2251 673 2298 libro
690 2248 719 2297 de
740 2247 827 2297 ceteris
844 2248 916 2298 rebus
938 2253 1015 2305 dein.

319 2342 378 2392 ceps
394 2341 536 2391 exponere;
554 2340 584 2372 ne
600 2341 645 2389 qua
660 2333 761 2388 propter
775 2320 956 2372 multitudinem
974 2329 1016 2379 lit.

318 2412 424 2450 terarum
434 2399 512 2466 possit
524 2397 627 2446 animum
639 2409 706 2445 tuum
719 2394 859 2460 defatigatio
870 2398 1015 2452 retardare,

319 2474 368 2524 Sed
382 2473 402 2523 si
418 2472 466 2537 qub
482 2473 532 2520 baec
550 2468 661 2525 tardids,
681 2471 750 2534 quim
764 2467 861 2524 studes,
879 2469 1014 2532 absolven.

319 2559 378 2603 tur,
397 2561 468 2609 quum
480 2558 561 2591 rerum
577 2541 753 2608 magnitudini,
774 2552 825 2589 tum
841 2540 926 2592 nostris
945 2561 1015 2610 quo.

319 2634 367 2684 que
384 2615 582 2682 occupationibus
600 2617 722 2680 assignare
738 2613 846 2663 debebis.
871 2615 1016 2671 Verumta-

319 2707 377 2740 men
393 2688 586 2742 maturabimus,
610 2687 635 2737 &
657 2685 721 2752 quod
740 2686 840 2753 negotio
862 2687 1015 2746 diminutum

320 2763 411 2819 fuerit,
428 2761 604 2825 exaequabimus
620 2758 730 2808 industrii
741 2775 748 2808 t
761 2773 788 2808 ut
803 2776 848 2825 pro
862 2772 908 2810 tuo
923 2762 949 2812 in
964 2782 1035 2819 nos.

322 2834 422 2892 officio,
444 2834 469 2884 δι
486 2832 567 2882 nostro
584 2832 608 2882 in
624 2847 650 2881 te
669 2831 744 2880 studio
763 2849 848 2885 munus
863 2833 913 2886 hoc
933 2852 1018 2903 πως

322 2905 477 2964 ωιὼῑὶεείιιιὲ
490 2921 538 2963 tue
552 2906 678 2979 largiamur
691 2905 822 2960 voluntati.
