2400 4067
250 465 330 563 τώ
442 462 745 534 Oratam

249 580 366 664 sequor.
385 580 460 641 Idem
470 599 583 660 campus
594 578 690 652 ltabet,
708 578 802 658 inquit
813 575 940 656 Ennius;
952 576 955 582 ’

251 664 302 736 &,
318 665 352 723 ln
362 663 469 743 templis
482 660 584 741 isdem,
597 659 751 739 probavit:
767 676 816 734 at,
826 661 938 746 eisdem,

249 760 313 805 erat
325 744 440 815 verius3
456 757 639 812 nectamen,
657 739 774 819 eisdem,
794 744 936 821 opimius:

249 820 327 887 'male
349 822 485 896 sonabat,
510 822 613 901 iisdem.
649 819 692 879 lm
715 836 843 880 etratum
866 820 938 884 esta

250 902 476 976 consuetudine,
496 918 528 960 ut
551 920 670 982 peccare
692 842 840 961 lttavitatis
860 902 947 983 cauli¹

250 985 360 1046 liceret.
391 983 429 1044 Et
440 983 646 1064 pomeridianas
662 983 835 1063 quadrigas,
852 985 936 1066 quim

244 1067 489 1151 postmeridianas,
501 1062 634 1122 libentiits
645 1061 784 1122 dixerim:
801 1063 834 1122 &
845 1069 937 1126 melier-

247 1147 327 1219 ¹cule,
337 1145 425 1227 quim
439 1144 610 1205 mehercules.
633 1145 700 1203 Nori
708 1142 781 1222 scire
798 1145 934 1224 quidem,

248 1224 403 1287 barbarum
416 1223 475 1303 jam
486 1223 619 1284 videtur:
634 1223 733 1303 nescire
748 1221 870 1286 dulcius.
892 1224 934 1308 lp·

248 1305 328 1387 firm,
342 1309 494 1378 meridiem,
508 1325 557 1387 cut
570 1324 631 1368 non
643 1305 811 1365 medidiem?
829 1307 937 1384 credo,

247 1386 330 1471 qubd
343 1403 404 1449 etat
416 1384 567 1447 insuavius.
744 1435 747 1438 .

295 1467 361 1550 158.
390 1465 459 1528 Una
477 1467 645 1547 praepositio
665 1462 726 1538 est,
749 1485 816 1542 At,
844 1488 932 1552 eaque

248 1567 327 1609 nunc
339 1551 452 1610 tantitm
470 1567 500 1606 tn
512 1548 622 1627 accepti
636 1546 740 1606 tabulis
758 1567 881 1624 manet,
898 1570 932 1611 tte

247 1625 292 1690 his
312 1629 430 1711 quidem
448 1629 600 1688 omnium:
619 1629 649 1686 in
670 1628 784 1708 reliquo
803 1626 933 1692 sermone

246 1728 360 1781 mutata
369 1708 419 1770 est.
443 1707 522 1768 Nam
535 1710 640 1768 amauit
650 1707 770 1768 dicimus
784 1708 819 1770 &
831 1713 932 1794 abegit,

248 1789 283 1852 δι
294 1789 417 1872 abstulit,
430 1807 462 1849 ut
473 1787 533 1868 jam
546 1787 668 1861 nescias,
680 1789 754 1850 abne
766 1810 873 1851 verum
885 1795 933 1867 sit,

248 1891 285 1930 an
296 1873 355 1929 abs.
382 1869 467 1950 Quid
479 1872 502 1928 si
513 1872 600 1929 etiam
614 1871 736 1951 abfugit,
750 1887 796 1928 tur
820 1872 932 1933 evisum

248 1948 307 2024 est3
327 1953 359 2012 &
371 1950 447 2031 abfer
459 1950 632 2024 noluerunt,
652 1946 730 2029 aufer
748 1892 932 2013 maduerunt?

247 2053 311 2114 quae
322 2032 487 2113 ptaepositio
496 2049 600 2113 praeter
611 2030 670 2090 haec
682 2030 739 2090 duo
748 2033 843 2093 verba
854 2036 932 2095 nullo

247 2114 305 2175 alio
324 2116 355 2173 in
374 2111 469 2176 verbo
487 2112 636 2193 reperitur.
672 2114 743 2171 Noti
763 2131 875 2189 erant,
902 2116 932 2177 &

243 2196 336 2269 flavi,
360 2194 393 2254 &·
412 2195 494 2263 nari,
516 2193 618 2273 quibus
639 2212 727 2272 quum
746 2210 783 2252 tu
805 2198 933 2277 praeponi

246 2290 414 2356 oporteret,
436 2274 544 2333 dulcius
554 2271 645 2333 visum
657 2270 715 2346 est,
736 2275 843 2356 ignoti,
864 2282 934 2360 igna-

243 2359 299 2428 mi,
318 2358 425 2438 ignari,
442 2355 555 2427 dicere,
570 2352 657 2435 quim
672 2371 702 2412 ut
716 2357 825 2415 veritas
839 2357 933 2438 postu·

245 2435 335 2497 labat.
361 2439 411 2496 Ex
424 2435 473 2515 usu
485 2434 599 2508 dicunt,
613 2433 668 2492 &e
681 2435 843 2515 republica,
859 2438 933 2520 quiid

246 2510 277 2579 in
291 2516 384 2577 altero
399 2515 508 2576 vocalis
522 2514 699 2596 excipiebat,
718 2516 747 2573 in
760 2515 859 2579 altero
869 2517 934 2580 esset

246 2596 400 2678 asperitas,
414 2599 466 2655 nisi
478 2595 604 2655 litteram
614 2591 780 2655 sustuliffes:
804 2615 858 2674 ut,
872 2624 934 2661 exe·

243 2681 302 2762 git,
317 2679 421 2749 edixit,
434 2675 535 2756 effecit,
551 2676 669 2748 extulit,
684 2677 791 2737 edidit:
809 2679 935 2760 adjundi

246 2758 329 2820 verbi
341 2759 464 2840 primam
477 2756 602 2817 litteram
618 2759 787 2837 praepositio
799 2781 936 2823 commu·

245 2842 338 2912 tavit,
351 2854 382 2897 ut
406 2839 456 2896 ube
478 2839 514 2932 ft,
543 2840 721 2932 ummutapit,
730 2838 767 2917 fit
789 2843 857 2904 ulit.

287 2837 427 2981 XLVlil.
449 2860 483 2997 ὅ
513 2837 551 2977 d
548 2940 576 2976 m
590 2917 686 2978 verbis
700 2841 829 2997 lundis?
852 2925 937 3008 quim

244 3002 312 3066 sciti
329 3003 524 3084 insipientem,
544 3020 607 3062 non
630 2998 811 3081 insapieatem
833 3008 853 3069 ἓ
884 3010 937 3069 irti-

966 3122 979 3345 ,p
