2400 4067
435 471 761 538 OnAronrrr.
860 490 936 564 349

242 581 317 644 sed
333 580 468 642 facillime
479 585 594 644 auditor
605 584 706 659 discit,
722 586 755 646 dt
766 630 777 659 ,
791 585 860 666 quid
871 607 939 668 agn·

254 682 324 738 tur,
341 664 497 746 intelligit,
518 668 543 724 si
557 665 752 746 complellare
767 688 785 725 a
795 669 937 748 principio

278 765 371 818 enus,
390 762 579 827 nanrramqne
593 745 704 820 aasz,
723 745 901 821 sidefinias,
915 751 940 808 si

279 825 392 899 'vidas‚
412 827 437 885 si
453 846 548 906 neque
565 827 750 908 prudentiam
764 825 827 907 ejus
843 830 940 908 impe·

257 906 319 966 dias
338 905 511 967 confusione
528 910 675 987 partium,
691 930 747 969 nec
765 912 939 969 memoriam

256 987 462 1048 multitudine:
483 1008 606 1068 queque
628 1009 699 1049 mox
718 989 756 1048 de
775 991 939 1050 narratione

257 1068 386 1128 dilucida
402 1068 554 1142 dicentur,
580 1069 685 1130 eadent
702 1073 791 1130 etiam
807 1070 864 1130 huc
884 1091 940 1151 po·

256 1164 355 1210 terunt
366 1148 443 1208 rede
452 1148 567 1210 referri.

302 1246 350 1306 30.
370 1228 413 1288 Ut
425 1231 535 1292 attente
550 1247 649 1293 autem
664 1230 833 1306 audiamur,
850 1233 938 1294 trium

255 1329 355 1371 rerum
368 1310 463 1391 aliqua
477 1309 697 1393 consequemur.
723 1312 801 1373 Nam
815 1330 863 1373 aut
878 1334 941 1373 ma·

256 1410 315 1472 gna
332 1391 463 1471 quedam
473 1413 690 1474 proponemus,
705 1411 754 1453 aut
765 1391 939 1468 necellaria,

255 1490 307 1531 aut
325 1469 479 1553 conjundla
499 1495 566 1534 cum
581 1475 670 1554 ipsis,
693 1474 770 1555 apud
790 1474 870 1555 quod
891 1495 938 1537 res

255 1568 367 1635 agetur.
392 1551 435 1615 Sit
447 1571 546 1615 autem
558 1553 616 1613 hoc
630 1557 717 1614 etiam
730 1556 760 1613 in
770 1557 937 1635 praeceptia,

208 1630 209 1635 ’
254 1650 309 1707 ut,
325 1636 350 1693 si
361 1633 477 1714 quando
488 1652 604 1715 tempus
618 1632 728 1715 ipsum,
748 1653 871 1709 autres,
889 1655 938 1695 aut

254 1713 356 1788 locus,
375 1731 423 1774 aut
432 1717 612 1776 interventus
624 1714 765 1796 alicujus,
784 1731 832 1776 aut
847 1717 938 1777 inter·

255 1793 377 1875 pellatio
387 1841 397 1870 ,
407 1812 456 1854 aut
466 1797 503 1856 ab
517 1794 682 1857 adversario
691 1794 797 1856 dictum
807 1796 937 1878 aliquod,

255 1875 290 1935 δι
302 1878 426 1936 maxime
436 1879 466 1934 in
476 1876 662 1959 perorando,
680 1877 795 1940 dederit
805 1881 937 1939 occasio·

254 1975 325 2015 nem
339 1957 423 2017 nobis
436 1959 578 2038 aliquam,
593 1975 628 2018 ut
640 1959 767 2019 dicamus
782 1959 887 2041 aliquid
897 1959 935 2020 ad

254 2052 371 2116 tempus
383 2038 470 2117 apte,
486 2059 523 2099 ne
537 2039 786 2120 derelinquamus:
806 2041 857 2114 δι,
871 2061 935 2122 quae

252 2115 304 2178 suo
315 2117 383 2176 loco
402 2117 439 2176 de
451 2117 677 2197 amplificatione
688 2120 834 2194 dicemus,
845 2122 934 2182 multa

253 2216 292 2256 ex
302 2195 346 2253 his
356 2212 496 2275 poterunt
515 2197 553 2256 ad
567 2198 775 2278 principiorum
789 2219 934 2284 praecepta

237 2273 414 2337 ‘transferri

296 2354 350 2415 IX.
368 2355 496 2416 Fralus.
523 2353 625 2435 Quid?
642 2356 672 2414 in
687 2356 851 2417 narratione
869 2378 933 2440 qua

252 2436 376 2498 tandem
390 2435 570 2497 observanda
588 2433 676 2495 sunt?
704 2434 824 2496 PATER.
845 2436 935 2518 Quo·

253 2521 332 2578 niam
341 2521 466 2578 narratio
476 2515 517 2579 est
528 2538 624 2578 rerum
635 2515 806 2597 explicatio,
819 2517 850 2579 &
860 2540 936 2600 quae-

254 2599 322 2659 dam
335 2601 417 2682 quasi
428 2599 530 2672 sedes,
547 2621 578 2658 ac
590 2596 810 2658 fundamentum
826 2599 934 2660 consti-

254 2680 371 2740 tuendae
387 2679 476 2754 fidei,
498 2701 532 2740 ea
549 2680 612 2740 sunt
630 2681 659 2737 in
677 2700 710 2740 ea
722 2677 862 2741 servanda
872 2703 934 2742 ma.-

255 2762 351 2831 xime‚
369 2781 432 2840 quae
453 2764 539 2821 etiam
558 2764 588 2820 in
601 2759 715 2840 reliquia
735 2759 796 2821 fere
818 2761 932 2822 dicendi

255 2840 401 2917 partibus:
416 2861 482 2974 ¹quae
492 2843 596 2919 partim
607 2839 669 2900 sunt
678 2839 829 2901 neceffaria
840 2885 848 2913 ,
867 2864 933 2920 par·

256 2922 309 2975 tim
323 2915 414 2976 sunta
438 2937 538 2996 umpta
553 2920 591 2978 ad
608 2920 778 2979 ornandum.
806 2920 882 2978 Nam
902 2937 933 2983 ut

253 2995 378 3060 dilucide
388 2997 635 3079 probabiliterque
649 3019 795 3073 narremus
802 3042 818 3072 „
830 3019 934 3073 neces?
