2400 4067
260 471 340 566 qff
457 468 749 556 Turrem

261 587 365 657 Latine
382 587 542 668 appelletur
552 584 665 666 status}
691 586 723 643 in
739 603 800 664 quo
817 585 938 664 primurn

258 665 357 727 insistit
382 669 462 749 quasi
486 667 523 726 ad
547 663 770 746 repugnandum
795 665 939 748 congressa

259 747 402 809 defensio.
430 747 472 806 At
513 767 529 806 e
546 749 633 806 etiam
645 748 675 804 in
687 744 938 805 deliberationibus

261 829 294 886 &
323 828 476 903 laudation'
500 849 533 885 us
558 826 646 902 iidem
676 822 815 884 exsistunt
846 823 936 886 status.

259 906 338 968 Nam
352 909 384 969 &
401 923 539 989 negantur
553 905 627 986 saepe
639 925 674 965 ea
684 903 801 979 futura,
825 927 890 987 quae
905 907 936 966 ab

259 988 355 1068 aliquo
368 991 398 1048 in
411 986 549 1049 sententia
570 985 644 1045 diua
660 983 724 1044 sunt
739 984 829 1057 fore,
852 990 874 1046 si
895 1005 936 1046 aut

259 1072 381 1129 omnino
397 1066 459 1129 fieri
471 1089 532 1128 non
545 1063 676 1147 possunt,
693 1083 743 1125 aut
755 1068 819 1126 sine
832 1065 935 1127 summa

261 1146 430 1208 difficultate
439 1170 500 1209 non
510 1145 635 1228 poffunt.
664 1144 698 1205 In
712 1167 769 1227 qua
783 1168 935 1229 argumen-

259 1230 370 1289 tatione
383 1226 468 1288 status
479 1225 677 1307 conjeduralis
687 1223 802 1286 exsistit.

300 1327 350 1386 94.
371 1308 432 1382 At,
446 1329 535 1390 quum
548 1306 654 1447 ail'i‘quid
673 1307 710 1367 de
723 1307 865 1387 utilitate,
883 1308 934 1370 ho·

257 1386 385 1464 aestate,
403 1392 535 1471 aequitate
573 1391 578 1402 '
603 1389 708 1461 entur,
729 1388 825 1470 deque
842 1393 875 1449 iis
889 1411 933 1451 re-

257 1468 312 1528 bus
324 1515 334 1545 ‚
348 1491 412 1552 quae
425 1472 458 1530 iis
468 1469 531 1530 sunt
541 1470 708 1540 contrariae3
726 1489 875 1531 incurrunt
883 1469 932 1530 sta·

258 1568 304 1609 tus
317 1548 463 1630 antiatis,
477 1567 525 1610 aut
532 1550 657 1610 nominis
667 1570 674 1606 :
686 1549 770 1630 quod
778 1549 932 1611 idemcon-

257 1633 340 1712 tingit
361 1634 390 1690 in
413 1631 630 1691 laudationibus.
661 1627 739 1688 Nam
766 1647 816 1690 aut
841 1635 932 1715 negari

258 1709 374 1791 potest,
400 1712 431 1770 id
455 1711 561 1772 fadum
579 1706 655 1784 effe,
682 1710 764 1791 quod
785 1711 931 1785 laudetur;

257 1807 379 1851 autnon
393 1811 430 1851 eo
450 1795 569 1853 nornine
585 1789 787 1867 afficiendum,
826 1815 866 1854 uo
879 1795 931 1853 lau·

257 1870 341 1931 dator
350 1869 475 1932 affecerit
487 1894 497 1946 3
510 1889 558 1932 aut
568 1875 689 1932 omnino
699 1893 788 1934 none
814 1874 930 1935 elauda·

255 1950 332 2025 bile,
349 1951 605 2034 qubdnontede,
622 1975 683 2012 non
693 1949 757 2031 jure
771 1952 880 2014 fadum
889 1958 929 2014 sit.

256 2029 371 2110 Quibus
390 2033 522 2093 omnibus
541 2033 693 2116 generibus
712 2032 777 2092 usus
795 2033 839 2096 est
856 2039 929 2096 nimis

255 2114 439 2194 impudenter
449 2111 545 2175 Caesar
556 2132 657 2175 contra
668 2111 819 2175 Catonem
828 2138 928 2178 meum.

296 2212 346 2276 95.
366 2195 425 2256 Sed
438 2216 500 2276 quae
514 2216 550 2256 ex
559 2193 629 2254 statu
639 2198 791 2255 contentio
803 2195 927 2269 efficitur,

255 2293 322 2335 eam
336 2274 431 2338 Graeci
445 2275 582 2357 xgtro'petm
598 2293 716 2336 vocant.
748 2275 826 2336 Mihi
844 2278 928 2358 placet

253 2354 302 2430 id,
319 2361 458 2438 quoniam
476 2356 593 2437 quidem
607 2355 643 2415 ad
656 2372 686 2416 te
696 2354 816 2432 scribo,
832 2361 927 2437 quade

254 2457 283 2492 re
305 2439 423 2518 agitur,
453 2437 563 2496 vocari.
599 2435 715 2516 Quibus
739 2454 841 2498 autem
858 2439 927 2511 hoc,

255 2517 367 2593 quade
379 2537 410 2577 te
429 2519 540 2597 agitur,
558 2519 737 2590 continetur,
761 2517 825 2577 haec
845 2522 927 2579 conti-

253 2598 348 2654 nentia
360 2613 521 2669 vocentur,
535 2600 615 2677 quasi
627 2595 811 2657 firmamenta
829 2599 927 2659 defen-

254 2676 362 2734 sionis:
384 2677 486 2758 quibus
500 2675 635 2750 sublatis,
652 2676 786 2737 defensio
802 2679 881 2740 nulla
890 2683 927 2738 sit.

254 2752 336 2830 Sed,
351 2759 493 2837 quoniam
511 2756 574 2895 que
590 2755 698 2817 firmius
715 2759 746 2816 in
762 2779 928 2821 controver-

251 2837 298 2896 siis
311 2834 497 2919 disceptandis
512 2857 529 2897 e
552 2857 568 2897 e
584 2837 653 2899 nihil
663 2835 770 2912 debet,
785 2840 882 2902 danda
894 2839 928 2901 est

251 2938 361 2998 opera,
379 2937 410 2979 ut
425 2919 522 3002 legem
532 2914 700 2997 adjutricem
718 2919 751 2978 &
768 2919 875 2982 testem
884 2921 928 2980 ad

249 2998 408 3063 hibeamus.
437 3000 578 3082 loquare
591 2999 637 3062 alii
651 3001 732 3084 quasi
748 2998 838 3064 status
848 3005 930 3064 exsis-

840 3144 846 3185 i
