2400 4067
350 485 426 536 212
475 469 549 537 Du
580 467 916 537 [averrione

347 594 418 641 tum.
438 579 550 640 Verum
572 581 621 640 illa
642 580 725 640 nobis
748 578 914 639 abhorrere
934 579 972 639 ab
991 576 1028 638 ulr

278 727 283 732 ,
348 662 476 721 oratorio
485 661 628 721 videntur.
638 660 715 741 Qua
728 662 878 740 pertinere
894 658 1027 721 autemid

349 738 504 801 dicendum
522 759 673 822 putamus,
692 761 726 799 ea
743 760 798 799 nos
823 740 1026 813 commodius,

389 819 436 879 im
454 838 585 895 ceteros,
599 818 747 882 attendille
759 841 823 879 non
840 817 1028 894 affirmantur,

355 899 399 976 ed
419 903 645 981 perquisitius&
665 901 826 984 diligentius
843 897 1028 982 conscripsile

348 979 527 1060 pollicemur.
548 981 654 1054 Nune,
675 998 707 1039 ut
724 978 929 1054 instituimus,
950 978 1030 1064 proli·

349 1057 412 1118 cisci
428 1060 529 1121 ordine
547 1062 583 1121 ad
601 1061 709 1142 reliqua
726 1080 897 1143 pergemus,

391 1137 500 1199 XLII.
522 1141 721 1221 Reprehensio
739 1138 800 1214 est,
817 1160 874 1221 per
895 1161 985 1222 quam
998 1162 1031 1200 ar·

388 1220 547 1280 mentando
560 1220 786 1281 adversariorum
799 1219 991 1282 confirmatio
1000 1220 1032 1280 di·

350 1238 454 1380 lillnr,
477 1316 525 1360 aut
545 1300 724 1373 infirmatur,
746 1316 793 1360 aut
816 1301 949 1362 levatur.
971 1301 1031 1362 Has

351 1378 435 1441 fonte
448 1383 621 1441 inventionis
634 1381 741 1442 eodem
752 1397 869 1454 uretur,
882 1402 948 1462 quo
959 1383 1032 1442 utitur

352 1459 556 1536 confinnatio,
574 1478 728 1543 propterea
746 1461 852 1541 quod,
921 1463 984 1522 'bus
1005 1481 1032 1521 ex
1064 1502 1068 1513 ·

353 1540 424 1619 locis
441 1541 534 1623 aliqua
552 1563 596 1602 res
618 1541 779 1602 confirmari
797 1557 870 1621 pote
914 1587 925 1616 ,
944 1540 1033 1603 iisdem

352 1619 449 1700 potest
458 1642 495 1681 ex
508 1623 579 1697 locis
588 1621 732 1682 infirmari.
747 1620 828 1681 Nihil
840 1624 926 1682 enim
944 1624 1033 1683 consi·

354 1701 513 1762 derandum
527 1701 568 1762 est
577 1706 606 1762 in
616 1703 658 1761 his
668 1701 799 1761 omnibus
808 1703 1036 1776 inventionibus,

352 1781 406 1839 nisi
422 1781 472 1855 id,
527 1783 566 1841 od
581 1781 729 1864 personis,
748 1796 796 1842 aut
813 1785 946 1865 negotiis
965 1784 1035 1844 artri·

351 1859 453 1940 butum
470 1803 526 1921 ell
542 1861 643 1940 Quare
661 1865 885 1936 inventionem,
902 1864 940 1923 δι
958 1884 1036 1947 argu·

354 1943 564 2000 mentationum
584 1942 791 2022 expolitionem
813 1962 853 2002 ex
874 1942 960 2018 illis,
982 1964 1036 2026 que

319 2085 323 2091 ,
354 2021 419 2079 ante
437 2039 579 2102 praecepta
595 2021 678 2096 sunt,
694 2023 766 2083 hanc
783 2042 905 2103 quoque
923 2027 956 2083 in
975 2046 1037 2106 par·

353 2116 414 2160 tem
427 2104 563 2161 orationis
577 2102 721 2164 transferri
733 2103 893 2184 oportebit.
913 2103 1038 2166 Verum-

353 2197 471 2256 tamen,
486 2199 517 2241 ut
531 2183 663 2264 quaedam
680 2185 834 2266 praeceptio
856 2183 945 2244 detur
962 2183 1037 2264 hujus

355 2283 470 2344 quoque
488 2268 594 2345 partis,
610 2285 789 2346 exponemus
807 2264 921 2324 modos
940 2286 1038 2347 repre·

353 2343 499 2404 hensionis
515 2367 524 2419 ;
544 2367 617 2427 quos
634 2350 681 2426 qui
700 2343 915 2418 observabunt,
935 2345 1037 2407 facililu

356 2444 411 2498 ea,
427 2447 491 2506 quae
505 2427 606 2487 contri
619 2427 764 2498 dicentur,
780 2425 912 2500 diluere,
934 2445 985 2487 aut
1000 2430 1041 2487 in·

355 2502 470 2566 firmare
509 2522 632 2566 oterunt.

366 2642 369 2648 .
396 2603 447 2661 79.
502 2589 576 2644 mnis
585 2588 791 2668 argumentatio
805 2586 1039 2665 reprehenditur,

356 2663 379 2728 si
395 2679 442 2722 aut
458 2667 560 2737 exiis,
580 2686 643 2746 quae
660 2665 770 2747 sumpta
785 2663 869 2738 sunt,
888 2688 954 2729 non
973 2690 1040 2731 con·

358 2744 467 2802 ceditur
482 2745 598 2825 aliquod
616 2768 725 2821 unum,
745 2747 865 2826 plurave
886 2769 896 2820 3
916 2766 988 2823 aut,
1002 2750 1039 2808 his

357 2828 519 2899 concessis,
534 2826 698 2907 complexio
714 2825 817 2886 confici
834 2847 871 2887 ex
888 2829 933 2888 his
952 2851 1040 2914 nega‘

358 2920 405 2963 tur
422 2925 431 2975 ;
451 2923 498 2965 aut
520 2907 543 2963 si
564 2927 653 2988 genus
674 2905 765 2987 ipsum
787 2913 1042 2989 argumentationis

359 2983 493 3053 vitiosum
510 2984 665 3052 ostenditur
680 3010 690 3065 3
709 3007 756 3070 aut
771 2992 793 3050 si
810 3007 913 3053 contra
930 2990 1042 3055 firmam
