2400 4067
442 482 767 551 Ormoita.
864 481 946 575 '369'

262 598 294 657 in
311 595 409 679 aliquo
427 617 536 679 genere
552 599 666 660 virtutis
683 595 827 679 praecipue
840 596 945 656 colen-

262 676 330 752 do,
354 695 403 739 aut
425 681 529 740 divinis
549 680 636 740 rebus
660 676 873 749 deserviendo,
894 695 944 739 aut

261 760 449 840 patentibus,
469 763 586 834 amicis,
603 757 781 840 hospitibus,
799 758 942 839 praecipue

260 850 350 921 atque
360 842 509 922 insigniter
520 840 683 922 diligendis.
701 839 801 921 Atque
809 839 871 898 haec
880 840 945 919 qui·

260 920 331 981 dem
344 924 495 984 virtutum.
520 922 671 982 Vitiorum
688 938 786 981 autem
803 919 867 980 sunt
886 939 942 1002 ge<

260 1021 331 1062 uera
348 1019 502 1063 contraria.

301 1081 353 1142 81.
376 1080 534 1143 Cernenda
559 1099 657 1144 autem
683 1080 745 1142 sunt
767 1081 940 1164 diligenter,

258 1161 415 1224 nevfallant
430 1183 466 1224 ea
482 1185 537 1225 nos
551 1166 640 1238 vitia,
661 1185 725 1247 quae
742 1166 881 1224 virtutem
892 1166 942 1225 vi·
959 1207 961 1212 -

258 1243 366 1312 dentur
382 1246 495 1304 imitari.
531 1243 608 1305 Nam
623 1246 654 1304 &
673 1244 856 1326 prudentiam
874 1266 940 1304 ma-

256 1323 340 1399 litia,
361 1329 585 1406 temperantiam
603 1328 764 1387 immanitas
783 1329 812 1386 in
827 1325 940 1408 volup-

256 1407 365 1466 tatibus
375 1405 409 1465 as
424 1407 577 1480 ernandis,
594 1407 627 1467 δι
637 1427 684 1467 ma
706 1406 867 1467 nitudinem
879 1411 941 1467 ani·

256 1489 299 1548 mi
314 1429 446 1567 superbia
457 1489 492 1550 in¹
504 1490 605 1546 animis
624 1427 815 1559 extoileudis,
836 1488 868 1548 δι
882 1486 939 1548 de-

256 1566 406 1648 spicientia
423 1571 452 1628 in
467 1569 690 1628 contemnendis
702 1568 862 1628 honoribus
876 1588 887 1640 ;
903 1569 937 1628 &

256 1649 461 1714 liberalitatem
481 1646 603 1723 effusio,
624 1650 655 1708 &
670 1647 871 1708 fortitudinem
885 1671 940 1708 au·
959 1692 961 1697 ι

258 1729 341 1796 dacia
356 1731 502 1803 imitatur,
523 1729 744 1811 &patientiam
765 1729 868 1788 duritia
881 1731 939 1788 im·

256 1813 370 1884 manis,
388 1811 421 1871 dc
439 1808 573 1890 justitiam
594 1811 752 1884 acerbitas,
771 1811 803 1870 &
820 1810 940 1894 religio·

255 1911 327 1953 nem
344 1891 525 1972 superstitio,
544 1892 577 1952 ὃ(
588 1892 737 1953 lenitatem
748 1891 870 1954 mollitia
879 1895 941 1952 ani-

255 1976 317 2046 mi,
342 1972 600 2034 &verecundiam
622 1975 778 2047 timiditas,
802 1975 834 2032 &
856 1973 937 2036 illam

255 2052 417 2135 disputandi
435 2054 619 2133 prudentiam
635 2056 815 2115 concertatio
836 2072 939 2137 capta-

252 2138 357 2214 tioque
368 2134 550 2205 verborum,
571 2133 604 2193 dc
616 2134 690 2194 hanc
710 2137 866 2195 oratoriam
875 2138 938 2195 vim

253 2215 348 2275 inanis
358 2212 489 2292 quaedam
507 2213 680 2292 profluentia
693 2215 843 2294 loquendi.
872 2213 940 2275 Stu-

255 2297 310 2356 diis
327 2309 425 2352 autem
442 2293 528 2350 bonis
546 2292 647 2350 similia
662 2294 798 2362 videntur
811 2312 862 2367 ea,
873 2314 937 2374 quae

253 2375 319 2436 sunt
331 2377 360 2434 in
372 2372 480 2433 eodem
515 2391 603 2431 enere
615 2373 713 2432 nimia.
938 2428 939 2433 ,

297 2456 346 2516 82.
370 2392 577 2534 Quamobrem
588 2456 683 2512 omnis
693 2457 737 2514 vis
751 2452 885 2515 laudandi
893 2458 939 2515 vi-

253 2537 467 2619 tuperandique
480 2557 516 2596 ex
529 2533 573 2595 his
584 2533 712 2595 sumetur
730 2537 869 2596 virtutum
887 2540 937 2597 vi-

253 2620 418 2700 tiorumque
431 2617 575 2699 partibus:
590 2616 640 2677 sed
651 2619 680 2677 in
692 2635 756 2678 toto
768 2619 849 2701 quasi
859 2639 934 2679 cou-

252 2716 336 2761 textu
345 2702 484 2762 orationis
494 2700 555 2758 haec
566 2717 650 2758 erunt
667 2697 829 2760 illustranda
842 2706 937 2763 maxi·

252 2781 328 2853 md,
353 2781 602 2860 quemadmodum
622 2780 740 2861 quisque
760 2801 938 2864 generatus,

253 2860 503 2937 quemadmodum
509 2860 668 2933 institutus,
678 2861 861 2944 moratusque
872 2863 938 2924 fue-

252 2942 307 2997 rit:
335 2939 385 3011 &,
403 2940 426 2997 si
442 2939 511 3018 quid
531 2943 575 2998 cui
596 2961 754 3020 magnum,
773 2959 821 3003 aut
839 2946 938 3004 incre-

254 3019 345 3081 dibile
366 3018 522 3093 acciderit,
540 3021 723 3101 maximeque
741 3025 764 3081 si
780 3022 811 3080 id
831 3023 938 3087 divini·

742 3101 817 3182 Qv
