2400 4067
238 492 312 564 342
385 473 764 542 Panrrrronrs

234 588 286 648 vel
302 585 482 668 saepenulta.
505 587 577 648 Sunt
591 592 669 648 enim
688 589 725 648 ad
742 584 919 647 audiendum

235 671 285 771 qui
296 668 476 744 deliberant,
488 668 537 730 suti
548 667 631 728 cauli
645 669 748 752 parati.
769 667 836 728 Nec
846 667 919 728 mul·

235 765 300 809 turn
316 747 382 810 sane
398 749 472 832 saepe
491 750 666 811 narrandum
686 748 738 812 est.
771 746 822 808 Est
841 752 916 808 enim

236 833 362 890 narratio
374 833 582 912 praeteritarum
592 851 690 892 rerum
700 877 715 903 ,
730 846 779 890 aut
794 829 919 910 praesen-

236 913 330 970 tium:
349 911 440 974 suasio
449 928 566 987 autem,
581 911 749 972 futurarum.
767 911 919 990 Quaread

238 989 349 1066 fidem,
371 993 403 1053 ὃ(
420 993 458 1053 ad
471 1011 587 1054 motum
597 993 763 1054 adhibenda
775 990 819 1053 est
828 994 922 1053 omnis

239 1089 346 1134 oratio.
762 1111 765 1115 -

284 1172 329 1226 1-4.
348 1152 476 1213 Frrrus.
495 1152 602 1232 Quid?
626 1156 656 1213 in
673 1151 787 1233 judiciis
804 1173 869 1234 quae
882 1149 922 1212 est

239 1233 422 1294 collocatio?
443 1232 564 1293 PATER.
580 1233 651 1294 Non
661 1235 765 1294 eadem
776 1232 923 1292 accusato-

238 1316 297 1388 ris,
311 1314 343 1374 ὃ(
352 1315 412 1374 rei:
426 1314 507 1396 quod
522 1314 665 1375 accusator
678 1336 775 1375 rerum
788 1315 924 1374 ordinem

261 1393 443 1476 rosequitur,
461 1396 494 1456 ὃ(
504 1397 616 1478 singula
629 1412 822 1478 argumenta,
842 1398 924 1478 quasi

279 1474 319 1535 ΗΞ
328 1479 361 1536 in.
369 1497 457 1539 nanu
469 1477 613 1540 collocati
622 1522 637 1550 ,
651 1477 845 1540 vehementer
855 1498 924 1559 pro·

285 1559 344 1631 nit,
358 1556 506 1618 concludit
520 1561 646 1634 acriter,
665 1556 819 1618 confirmat
838 1557 925 1617 tabu·

240 1578 295 1714 li),
307 1639 450 1713 decretis,
462 1637 653 1713 testimoniis,
669 1637 884 1720 accuratiusque
895 1641 927 1698 in

242 1720 359 1802 singulis
372 1738 585 1780 commoratur:
597 1718 845 1801 perorationisque
857 1741 926 1800 prae·

244 1801 357 1881 ceptis,
378 1821 441 1880 quae
452 1802 489 1860 ad
501 1801 663 1863 incitandos
677 1805 790 1861 animos
810 1801 925 1874 valent,

244 1881 278 1938 &
290 1882 320 1938 in
332 1881 440 1961 reliqua
451 1883 583 1942 oratione
595 1881 745 1962 paululum
760 1881 926 1963 digrediens

244 1960 377 2036 decursu
395 1961 531 2035 dicendi,
548 1965 657 2037 utitur,
677 1962 925 2024 &vehementius

242 2044 273 2102 in
295 2042 472 2122 perorando.
500 2041 550 2102 Est
572 2045 651 2104 eninr
671 2046 878 2127 propositum,
894 2057 926 2104 ut

243 2125 347 2184 iratum
358 2122 612 2201 efficiatjuditem.
651 2189 655 2194 Α

248 2254 250 2258 .
285 2203 326 2264 V.
344 2203 470 2267 Funus.
490 2207 573 2287 Quid
590 2206 755 2268 faciendum
770 2204 813 2266 est
824 2204 926 2270 contri

243 2286 320 2347 reo?
338 2285 459 2348 PATER.
474 2286 584 2349 Omnia
595 2289 683 2370 longe
695 2287 784 2348 secus.
803 2287 926 2349 Sumen·

244 2368 283 2428 da
300 2371 439 2450 principia
459 2369 496 2429 ad
512 2370 751 2434 benevolentiam
766 2368 926 2428 concilian-

245 2447 324 2508 dam.
354 2448 544 2510 Narrationes
567 2470 616 2513 aur
636 2449 842 2531 amputandae‚
864 2470 927 2530 qua

192 2585 194 2591 .
243 2529 367 2590 laedunt:
383 2546 432 2589 aut
442 2531 657 2611 relinquendae,
672 2535 695 2590 si
706 2548 776 2591 rotas
786 2529 851 2591 sunt
861 2552 926 2592 mo·

243 2606 332 2668 lestae.
362 2608 558 2670 Firmamenta
577 2611 615 2672 ad
634 2610 724 2672 fidem
741 2614 859 2692 posita,
880 2626 927 2670 aut

182 2768 184 2772 Α
243 2709 298 2770 per
314 2686 342 2749 se
357 2689 509 2764 diluenda,
530 2707 579 2752 aut
597 2691 796 2767 obscuranda,
819 2710 867 2753 aut
881 2691 927 2750 di·

245 2771 440 2854 gressionibus
461 2772 621 2834 obruenda.
652 2773 857 2836 Perorationes
874 2795 927 2832 au·

243 2868 325 2926 tem,
346 2851 382 2912 ad
403 2851 626 2915 misericordiam
645 2854 842 2916 conferenda.
871 2853 927 2915 Fr-

247 2948 334 2996 ttus.
360 2933 520 3016 Semperne
531 2937 616 3018 igitur
629 2937 764 2998 ordinem
777 2935 931 2996 collocari·
966 2984 970 2994 .

246 3013 293 3091 di,
305 3035 393 3100 quem
403 3017 556 3094 volumus,
568 3033 670 3082 tenere
682 3015 848 3103 pollutius?
868 3015 929 3083 Pa-
