2400 4067
746 734 910 807 An
987 736 1639 806 LECTOREM.
1812 732 1890 808 ix

506 852 655 915 alter
691 853 1173 916 Adversariorum
1198 897 1220 927 ,
1255 853 1556 934 ingentem
1607 854 1887 916 emenda-

510 937 738 995 tionum
769 936 1029 1019 segetem
1065 932 1325 994 Grutero
1355 932 1884 1014 suppeditaverunt.

594 1015 769 1078 Janus
811 1023 1046 1098 q'uoque
1083 1013 1470 1088 Gulielmius,
1495 1014 1887 1090 Lubecensis,

513 1096 810 1157 cultissimi
824 1099 1042 1180 ingenii
1061 1094 1396 1156 adolescens
1414 1140 1436 1166 ,
1465 1096 1680 1155 multos
1701 1117 1887 1156 annos

507 1178 876 1258 impenderat
897 1176 1262 1238 conferendo
1285 1197 1417 1234 cum
1432 1177 1597 1236 editis
1613 1177 1846 1237 codices
1863 1223 1887 1253 ‚

508 1275 801 1340 quotquot
828 1262 1132 1320 invenerat
1158 1261 1218 1317 in
1237 1252 1606 1316 bibliothecis
1633 1254 1888 1319 Germa·

505 1341 617 1398 niae
637 1383 656 1412 ‚
687 1337 892 1400 Galliae
911 1386 930 1413 ,
960 1339 1168 1420 Belgii.
1210 1335 1400 1416 Hujus
1428 1339 1725 1419 exemplar
1746 1384 1767 1413 ‚
1792 1342 1886 1399 cui

504 1421 794 1480 variantes
844 1421 1120 1481 leffiones
1168 1418 1535 1499 adscripserat
1555 1465 1574 1493 ‚
1615 1423 1886 1500 pervenit

502 1502 566 1560 in
595 1521 798 1560 manus
824 1502 952 1562 Jani
978 1500 1252 1571 Gruteri‚
1283 1502 1381 1581 qui
1425 1501 1489 1559 &
1515 1498 1635 1581 ipse
1662 1500 1890 1562 collec-

505 1581 581 1639 tis
594 1581 869 1660 improbo
886 1582 1085 1640 labore
1104 1579 1445 1640 lefflonibus
1467 1584 1886 1659 exemplarium

510 1659 883 1720 bibliothecae
910 1659 1181 1719 Palatinae
1208 1703 1228 1732 ,
1252 1679 1471 1719 novam
1500 1659 1783 1741 aggressus
1804 1658 1887 1721 est

510 1739 835 1800 editionem
868 1738 1167 1801 Ciceronis
1188 1784 1208 1813 ,
1240 1739 1400 1799 mille
1426 1741 1667 1821 amplius
1701 1741 1845 1800 locis
1865 1787 1889 1817 ,

508 1836 573 1879 ut
601 1822 679 1879 ait
704 1819 857 1902 ipse,
885 1819 1174 1894 illustrati,
1214 1819 1495 1891 corresti,
1534 1820 1701 1881 auffl.
1740 1822 1884 1883 Haec

508 1901 729 1983 prodiit
763 1900 1090 1983 Ham'burgi
1119 1923 1272 1961 anno
1315 1900 1486 1960 1618.
1515 1901 1770 1983 Iniquior
1801 1901 1885 1964 est

509 1980 795 2043 Gruterus
825 1986 883 2044 in
912 1983 1301 2054 Lambinum‚
1337 1984 1396 2040 in
1431 2002 1606 2063 quem
1641 1981 1844 2065 saepius
1864 2031 1885 2060 ‚

506 2064 683 2123 etiam
728 2066 854 2124 sine
900 2062 1099 2137 causa,
1133 2062 1463 2138 invehitur,
1505 2080 1570 2122 ut
1610 2084 1785 2145 quum
1821 2068 1882 2126 in

502 2142 835 2223 Philippicis
878 2143 1257 2225 depromptas
1289 2162 1362 2202 ex
1402 2147 1630 2225 optimo
1670 2146 1878 2209 codice

504 2221 799 2284 Vaticano
835 2224 1041 2284 Faerni
1063 2225 1126 2285 &
1159 2224 1380 2284 Mureti
1401 2225 1879 2302 emendationes,

551 2326 649 2364 uas
675 2303 794 2385 ipse
820 2327 942 2365 non
968 2305 1195 2367 viderat
1220 2351 1245 2377 ,
1297 2305 1501 2366 acerbe
1521 2351 1542 2380 ‚
1583 2322 1882 2390 tamquam

507 2326 781 2447 iambini
807 2384 1215 2465 conjestanea‚
1241 2385 1474 2466 respuit.

594 2464 894 2527 Editiones
939 2466 1071 2547 post
1111 2466 1612 2549 Hamburgensem
1660 2470 1879 2532 excufae

512 2543 717 2605 fecutae
748 2545 871 2604 sunt
897 2564 1238 2606 contextum
1264 2545 1566 2606 Ciceronis
1586 2591 1604 2620 ‚
1621 2551 1883 2626 aqualem

515 2646 650 2687 eum
668 2624 950 2686 Gruterus
971 2625 1375 2697 constituerat,
1437 2647 1568 2685 uam
1609 2648 1743 2685 uam
1766 2628 1887 2708 ipse

513 2704 801 2769 Gruterus
838 2729 957 2766 non
976 2705 1155 2767 semel
1177 2647 1483 2767 monuisset
1517 2707 1588 2767 ad
1633 2729 1704 2767 uc
1737 2710 1885 2769 mul-

511 2804 575 2849 ta
593 2788 768 2860 addi,
792 2788 973 2847 multa
991 2787 1198 2848 auferri
1217 2785 1379 2869 posse
1398 2833 1420 2862 ‚
1442 2790 1488 2847 si
1503 2791 1627 2870 quis
1648 2789 1885 2853 codices

509 2866 750 2949 scriptos
799 2869 1129 2950 diligentius
1181 2866 1528 2930 excussisset.
1583 2867 1883 2934 Nonnulla

511 2951 671 3009 certe
701 2970 735 3010 e
762 2948 1152 3030 manuscriptis
1173 2993 1194 3022 ‚
1232 2970 1481 3030 quorum
1504 2966 1629 3012 erat
1651 2950 1885 3034 sag-acis-

510 3031 689 3091 simus
704 3030 1071 3112 exploratur,
1091 3030 1363 3090 emenda
1380 3034 1418 3096 Ἃ,
1542 3030 1692 3098 ubus
1720 3031 1880 3090 Gffl-

510 3111 725 3170 novius
743 3154 767 3182 ,
792 3111 971 3191 quiin
999 3110 1095 3170 sua
1127 3110 1391 3178 emam:
1688 3151 1691 3153 -

511 3187 808 3249 dunemia
847 3189 936 3249 ud·
949 3190 1207 3250 Batavus
1253 3196 1306 3257 «ς’
