2400 4067
666 431 685 470 ’Χ

345 491 423 584 264
446 512 451 528 ·
472 491 546 560 Dr
572 491 915 560 Inrrnrronr

302 679 306 687 .
345 610 450 751 puibus
468 609 499 667 in
517 607 603 668 rebus
622 607 755 666 homines
774 607 805 664 in
824 604 1036 668 consuetudine

360 688 510 762 cribendi‚
529 705 577 748 aut
595 686 808 747 sermocinandi
822 706 862 747 eo
881 688 983 748 verbo
1000 689 1037 748 uti

345 765 478 843 soleant,
491 767 731 830 considerabitur.
745 765 821 828 Item
834 765 1036 841 infirmabitur,

347 856 374 913 si
391 854 501 933 turpis,
522 866 571 910 aut
588 849 695 909 inutilis
711 845 768 909 else
786 847 963 910 ostendetur
980 847 1036 930 ejus
1067 895 1068 900 η

348 933 547 1012 descriptionis
566 952 582 988 a
604 930 763 1010 probatio,
783 930 816 990 &
836 932 884 1004 si,
910 951 977 1011 qnae
995 934 1037 989 in·

348 1012 508 1073 commoda
524 952 712 1071 conlecurura
728 1011 806 1083 sint,
823 1031 862 1070 eo
882 1009 1036 1086 concello,

348 1091 528 1154 ostendetur.
545 1090 580 1151 Id
599 1109 696 1152 autem
719 1111 756 1152 ex
773 1089 937 1152 honestatis
955 1093 988 1153 δι
1004 1113 1036 1153 ex

346 1174 476 1233 utilitatis
501 1173 631 1254 partibus
651 1172 798 1247 sumetur,
821 1171 988 1256 dequibus
1010 1176 1036 1233 in

349 1254 565 1315 deliberationis
577 1274 672 1335 praece
695 1256 731 1313 tis
742 1273 941 1335 exponemus.
963 1253 1002 1315 Et
1017 1256 1037 1313 si

347 1357 415 1395 cum
435 1333 605 1397 definitione
622 1274 719 1395 notlra
735 1333 970 1400 adversariorum
988 1333 1036 1395 de·

347 1416 515 1479 finitionem
534 1415 740 1490 conferemus,
761 1416 794 1474 &
811 1413 969 1490 nostram,
987 1436 1035 1476 ve·

349 1520 433 1572 ram,
451 1494 622 1570 honestam,
639 1496 740 1557 utilem
754 1495 812 1556 elle
828 1494 1037 1557 demonstrabi-

350 1601 436 1653 rnus;
454 1579 595 1654 illorum,
615 1577 726 1639 contri.
747 1575 927 1657 Quaeremus
945 1589 1035 1638 autem

351 1681 419 1733 res,
439 1677 487 1719 aut
504 1658 631 1736 majori,
649 1675 697 1717 aut
713 1659 843 1731 minori,
862 1675 914 1718 aut
935 1661 998 1740 pari
1010 1662 1036 1719 in

350 1742 475 1822 negotio
487 1742 614 1814 similes,
631 1759 667 1800 ex
684 1739 786 1821 quibus
799 1736 963 1801 affirmetur
976 1762 1038 1801 nos·

351 1836 395 1881 tra
410 1820 500 1882 descri
522 1825 575 1881 tio.

394 1844 533 1960 xvlll.
555 1902 619 1962 Jarn
637 1902 661 1958 si
679 1919 724 1960 res
740 1899 838 1982 plures
858 1917 948 1963 erunt
964 1899 1038 1964 defi-

353 1980 468 2040 niendae
481 2001 488 2042 :
503 1997 558 2056 ut,
577 1984 601 2040 si
639 1999 781 2057 narratur,
801 1981 847 2042 fur
865 1986 925 2057 sir,
944 2006 983 2044 an
999 1983 1037 2044 sa·

352 2061 502 2143 crilegus,
521 2064 570 2142 qui
587 2002 654 2123 vala
671 2084 707 2123 ex
724 2065 840 2144 privato
856 2062 939 2124 sacra
956 2063 1036 2124 surri-

374 2144 469 2213 uerit3
488 2144 542 2202 erit
557 2144 699 2203 utendum
714 2145 842 2225 pluribus
858 2144 1038 2206 definitioni-

351 2159 407 2283 lus
423 2243 430 2280 :
447 2223 553 2284 deinde
565 2226 649 2284 simili
659 2227 771 2285 ratione
782 2224 865 2285 causa
880 2226 1038 2287 tracianda.

354 2302 452 2363 Locus
467 2323 563 2365 autem
580 2309 742 2366 communis
757 2308 786 2365 in
803 2302 866 2382 ejus
881 2308 1038 2382 malitiam,

278 2393 280 2396 ’
353 2387 483 2465 quinon
499 2387 591 2445 modi)
608 2408 725 2461 rerum,
741 2389 846 2447 verl1m
861 2392 957 2449 etiarn
975 2411 1039 2451 ver·

171 3125 302 3281 ‘l

353 2466 460 2525 borum
478 2465 653 2545 potestatem
669 2469 722 2526 sibi
737 2488 875 2551 arrogare
894 2487 1040 2543 conetur,

355 2564 388 2604 ut
407 2545 543 2605 &faciat
560 2548 641 2628 quod
656 2549 749 2623 velit,
771 2550 803 2608 &
817 2549 872 2623 id,
894 2552 979 2633 quod
996 2551 1040 2612 fe-

353 2627 446 2699 cerit,
463 2647 522 2706 quo
538 2630 610 2688 velit
626 2632 776 2691 nomines
799 2629 902 2711 pellet.
918 2630 1040 2693 Deinde

355 2704 513 2766 defensoris
527 2711 635 2788 primus
651 2710 732 2768 locus
747 2731 763 2770 e
798 2756 807 2785 ,
824 2714 898 2771 item
912 2717 1040 2773 nominis

352 2784 469 2859 brevis,
490 2789 523 2847 ὃ(
540 2806 660 2867 aperta,
680 2790 713 2849 ὃ(
731 2810 767 2849 ex
783 2794 929 2871 opinione
944 2793 1041 2853 horni-

352 2887 424 2925 num
441 2867 617 2947 descriptio,
636 2859 695 2929 hoc
714 2871 807 2931 modo
823 2895 838 2931 :·
850 2870 1040 2955 Majestatem

350 2948 504 3021 minuere,
524 2947 565 3008 est
578 2950 684 3032 aliquid
703 2950 739 3011 de
756 2953 931 3035 republica,
951 2977 1041 3038 quum

346 3027 526 3106 potestatem
558 3052 620 3093 non
649 3033 785 3111 habeas,
825 3036 1040 3099 administrare.

907 3116 1034 3182 Deinde
