2400 4067
346 475 420 544 238
473 477 548 544 De
578 478 913 544 lnr'rurrorvr:

344 590 452 651 fretum
464 591 574 672 ipsum,
591 590 642 652 sed
653 590 788 650 voluntas
800 591 977 654 defenditur.
993 591 1032 655 Ea
1062 582 1064 591 γ

345 673 434 732 habet
449 691 545 754 partes
562 690 641 747 tres,
656 673 901 753 imprudentiam,
916 673 1030 748 casum,

344 754 599 824 necessitudinem.

383 853 435 913 95.
455 833 657 915 Imprudentia·
676 829 746 907 est,
766 852 855 914 quum
876 830 956 896 sciffe
978 836 1030 896 ali·

344 916 413 995 quid
431 917 454 973 is
473 959 482 989 ,
505 916 554 995 qui
570 916 716 996 arguitur,
737 932 884 995 negatur:
903 934 937 975 ut
955 916 1029 998 apud

344 995 485 1075 quosdam
502 996 551 1055 lex
569 1013 630 1055 erat
645 1039 658 1066 ,
676 993 723 1054 Ne
747 996 809 1088 quis
827 992 934 1056 Dianae
952 1000 1029 1059 vitu·

344 1076 403 1135 lum
415 1076 592 1146 immolaret.
609 1074 712 1134 Nautae
724 1075 862 1155 quidam,
874 1097 969 1158 quum
982 1078 1028 1138 ad·

344 1157 430 1215 versi
447 1155 618 1236 tempestate
634 1159 664 1213 in
682 1156 742 1214 alto
759 1152 957 1234 jadiarentun
974 1179 1028 1220 vo·

344 1255 449 1296 verunt
460 1240 505 1309 ,·si
520 1257 557 1296 eo
572 1253 679 1317 portu,
695 1235 1026 1328 quemconspiciebant,

344 1320 431 1399 potiti
441 1315 530 1377 ess‘ent
543 1363 552 1391 ‚
567 1320 593 1377 ei
611 1317 689 1389 deo,
705 1317 754 1398 qui
771 1316 811 1375 ibi
828 1316 921 1392 estet,
936 1340 970 1380 se
983 1322 1026 1380 vi·

344 1399 435 1459 tulum
452 1396 662 1458 immolaturos.
679 1394 755 1457 Casu
766 1414 827 1457 eret
844 1399 875 1457 in
888 1420 928 1459 eo
940 1419 1024 1480 portu

345 1478 450 1539 fanum·
461 1478 565 1539 Dianae
582 1477 664 1559 ejus,
683 1479 729 1538 cui
743 1477 867 1538 vitulum
883 1480 1025 1542 immolari

344 1582 405 1619 non
414 1560 529 1620 licebat.
540 1559 743 1641 Imprudentes
751 1559 823 1641 legis
831 1603 842 1633 ,
851 1581 941 1641 quum
954 1565 1025 1624 exit·

343 1640 424 1714 sent,
442 1643 564 1702 vitulum
581 1640 816 1700 immolaverunt.
837 1640 1023 1706 Accusamus.

343 1719 469 1781 Intentio
490 1721 550 1796 est,
569 1720 702 1781 Vitulum
720 1719 889 1781 immolastis
904 1725 933 1783 ei
949 1723 1023 1804 deo,

344 1806 389 1860 cui
402 1825 465 1862 non
479 1802 593 1864 licebat.
607 1800 752 1881 Depulsio
768 1800 807 1862 est
819 1804 849 1861 in
861 1806 1024 1866 concessio·
1056 1814 1059 1824 '

343 1903 380 1942 ne
397 1887 501 1963 posita.
520 1883 608 1944 Ratio
628 1881 668 1941 est
682 1927 692 1956 ,
708 1879 825 1944 Nesciri
846 1906 910 1944 non
926 1885 1022 1948 licere.

341 1962 502 2024 infirmatio
525 1963 588 2037 est,
613 1961 756 2037 Tamen,
776 1967 917 2044 quoniam
936 1965 1022 2028 feristi

341 2044 422 2125 quod
433 2067 493 2104 non
504 2045 630 2117 licebat,
645 2066 681 2104 err
692 2044 757 2125 lege
769 2041 912 2125 supplicio
922 2047 1021 2129 dignus

341 2146 382 2185 es.
402 2126 545 2187 Judicatio
564 2122 629 2197 est,
650 2125 753 2204 Quum
770 2124 800 2184 id
822 2125 926 2198 fecerit
942 2127 1020 2210 quod

338 2228 400 2266 non
417 2208 600 2287 oportuerit,
619 2206 698 2265 &id
717 2226 778 2265 non
796 2226 939 2288 oportere
958 2208 1020 2272 nes·

338 2290 439 2362 cient,
457 2289 529 2347 sitne
548 2285 686 2367 supplicio
702 2287 815 2369 dignus.

380 2369 428 2447 96.
445 2365 533 2428 Casus
549 2386 647 2427 autem
659 2366 796 2427 inferetur
811 2371 840 2427 in
857 2373 1020 2431 concessio·

338 2470 427 2522 nem,
441 2470 529 2528 quum
543 2446 889 2529 demonstrabituraliqua
898 2450 1019 2512 fortunae

337 2532 381 2587 vis
398 2529 542 2589 voluntati
559 2527 714 2603 obstitiffe‚
733 2546 764 2588 ut
780 2531 809 2588 in
825 2529 901 2590 hac:
917 2533 1018 2627 Quum

338 2608 566 2669 Lacedaemoniis
582 2611 628 2669 lex
644 2608 735 2683 effer,
751 2625 781 2668 ut
796 2608 902 2670 hostias
915 2616 972 2673 nrsi
984 2611 1018 2672 ad

335 2688 502 2749 sacrificium
522 2690 671 2771 quoddam
691 2690 860 2771 redemptor
882 2692 1020 2772 praebuis-

335 2768 398 2843 set,
420 2772 542 2852 capitale
560 2768 630 2831 effer
648 2791 659 2841 3
679 2769 783 2829 hostias
800 2773 847 2846 is,
864 2777 915 2854 qui
937 2774 1018 2835 rede·

334 2869 446 2925 meret,
462 2873 550 2933 quum
564 2848 689 2910 sacrificii
702 2851 762 2909 dies
776 2849 911 2930 instaret,
927 2856 959 2915 in
976 2878 1019 2916 ur·

330 2931 402 2990 hem
428 2951 464 2990 ex
489 2953 559 3013 agro
584 2934 674 3011 coepit
699 2952 785 3013 agere
810 2953 816 2990 :
837 2950 901 2993 tum
927 2933 1018 2996 subirb

204 3013 444 3215 *agnis
453 3016 610 3074 commotis
621 3012 836 3094 tempestatibus
847 3014 956 3076 fluvius
966 3016 1019 3092 Eu·

367 3149 371 3156 .
940 3115 1018 3159 rotas
