<?xml version="1.0" encoding="UTF-8"?>
<!DOCTYPE html PUBLIC "-//W3C//DTD XHTML 1.0 Transitional//EN"
    "http://www.w3.org/TR/xhtml1/DTD/xhtml1-transitional.dtd">
<html xmlns="http://www.w3.org/1999/xhtml" xml:lang="en" lang="en">
 <head>
  <title>
</title>
<meta http-equiv="Content-Type" content="text/html;charset=utf-8" />
  <meta name='ocr-system' content='tesseract 3.04.00' />
  <meta name='ocr-capabilities' content='ocr_page ocr_carea ocr_par ocr_line ocrx_word'/>
</head>
<body>
  <div class='ocr_page' id='page_1' title='image "./mtulliiciceroni01lallgoog_0295.png"; bbox 0 0 2400 4067; ppageno 0'>
   <div class='ocr_carea' id='block_1_1' title="bbox 239 491 873 584">
    <p class='ocr_par' dir='ltr' id='par_1_1' title="bbox 239 491 873 584">
     <span class='ocr_line' id='line_1_1' title="bbox 239 491 873 584; baseline 0.011 -27"><span class='ocrx_word' id='word_1_1' title='bbox 239 493 530 558; x_wconf 70' lang='lat' dir='ltr'>Ruaroarca</span> <span class='ocrx_word' id='word_1_2' title='bbox 558 491 660 559; x_wconf 78' lang='lat' dir='ltr'>Lru.</span> <span class='ocrx_word' id='word_1_3' title='bbox 689 496 743 560; x_wconf 80' lang='lat' dir='ltr'>II.</span> <span class='ocrx_word' id='word_1_4' title='bbox 794 514 873 584; x_wconf 78' lang='lat'>277</span> 
     </span>
    </p>
   </div>
   <div class='ocr_carea' id='block_1_2' title="bbox 192 603 913 3090">
    <p class='ocr_par' dir='ltr' id='par_1_2' title="bbox 192 603 913 2289">
     <span class='ocr_line' id='line_1_2' title="bbox 192 603 872 685; baseline 0.006 -24"><span class='ocrx_word' id='word_1_5' title='bbox 192 605 364 685; x_wconf 78' lang='lat' dir='ltr'>parabitur,</span> <span class='ocrx_word' id='word_1_6' title='bbox 385 621 432 664; x_wconf 90' lang='lat' dir='ltr'>aut</span> <span class='ocrx_word' id='word_1_7' title='bbox 454 626 515 663; x_wconf 86' lang='lat' dir='ltr'>non</span> <span class='ocrx_word' id='word_1_8' title='bbox 537 603 713 679; x_wconf 88' lang='lat' dir='ltr'>honestum,</span> <span class='ocrx_word' id='word_1_9' title='bbox 739 623 788 665; x_wconf 86' lang='lat' dir='ltr'>aut</span> <span class='ocrx_word' id='word_1_10' title='bbox 810 628 872 665; x_wconf 88' lang='lat' dir='ltr'>non</span> 
     </span>
     <span class='ocr_line' id='line_1_3' title="bbox 193 683 874 758; baseline 0.004 -17"><span class='ocrx_word' id='word_1_11' title='bbox 193 684 282 758; x_wconf 87' lang='lat' dir='ltr'>utile,</span> <span class='ocrx_word' id='word_1_12' title='bbox 302 703 348 744; x_wconf 89' lang='lat' dir='ltr'>aut</span> <span class='ocrx_word' id='word_1_13' title='bbox 361 707 421 744; x_wconf 92' lang='lat' dir='ltr'>non</span> <span class='ocrx_word' id='word_1_14' title='bbox 434 683 617 745; x_wconf 81' lang='lat' dir='ltr'>neceffarium</span> <span class='ocrx_word' id='word_1_15' title='bbox 629 684 707 744; x_wconf 79' lang='lat' dir='ltr'>fuiffe</span> <span class='ocrx_word' id='word_1_16' title='bbox 721 730 731 758; x_wconf 93' lang='lat'>,</span> <span class='ocrx_word' id='word_1_17' title='bbox 754 701 874 744; x_wconf 85' lang='lat' dir='ltr'>autnon</span> 
     </span>
     <span class='ocr_line' id='line_1_4' title="bbox 194 766 874 844; baseline 0.001 -22"><span class='ocrx_word' id='word_1_18' title='bbox 194 781 348 844; x_wconf 81' lang='lat' dir='ltr'>tantopere</span> <span class='ocrx_word' id='word_1_19' title='bbox 361 767 429 827; x_wconf 87' lang='lat' dir='ltr'>utile</span> <span class='ocrx_word' id='word_1_20' title='bbox 445 810 454 839; x_wconf 90' lang='lat'>,</span> <span class='ocrx_word' id='word_1_21' title='bbox 472 782 595 825; x_wconf 90' lang='lat' dir='ltr'>autnon</span> <span class='ocrx_word' id='word_1_22' title='bbox 609 782 689 824; x_wconf 86' lang='lat' dir='ltr'>tanto</span> <span class='ocrx_word' id='word_1_23' title='bbox 713 786 760 825; x_wconf 91' lang='lat' dir='ltr'>ere</span> <span class='ocrx_word' id='word_1_24' title='bbox 778 766 874 824; x_wconf 79' lang='lat' dir='ltr'>hone-</span> 
     </span>
     <span class='ocr_line' id='line_1_5' title="bbox 195 787 877 925; baseline 0.003 -23"><span class='ocrx_word' id='word_1_25' title='bbox 195 843 286 918; x_wconf 86' lang='lat' dir='ltr'>stum,</span> <span class='ocrx_word' id='word_1_26' title='bbox 300 862 420 904; x_wconf 88' lang='lat' dir='ltr'>autnon</span> <span class='ocrx_word' id='word_1_27' title='bbox 436 862 587 925; x_wconf 77' lang='lat' dir='ltr'>tantopere</span> <span class='ocrx_word' id='word_1_28' title='bbox 601 787 784 907; x_wconf 53' lang='lat' dir='ltr'>necesslrium</span> <span class='ocrx_word' id='word_1_29' title='bbox 797 842 877 904; x_wconf 71' lang='lat' dir='ltr'>fuisse</span> 
     </span>
     <span class='ocr_line' id='line_1_6' title="bbox 195 924 877 1007; baseline 0 -24"><span class='ocrx_word' id='word_1_30' title='bbox 195 924 442 985; x_wconf 87' lang='lat' dir='ltr'>demonstrabitur.</span> <span class='ocrx_word' id='word_1_31' title='bbox 461 924 578 986; x_wconf 88' lang='lat' dir='ltr'>Deinde</span> <span class='ocrx_word' id='word_1_32' title='bbox 597 942 714 1007; x_wconf 82' lang='lat' dir='ltr'>oportet</span> <span class='ocrx_word' id='word_1_33' title='bbox 732 924 877 984; x_wconf 88' lang='lat' dir='ltr'>accusato-</span> 
     </span>
     <span class='ocr_line' id='line_1_7' title="bbox 194 1005 878 1087; baseline 0.003 -24"><span class='ocrx_word' id='word_1_34' title='bbox 194 1026 282 1079; x_wconf 85' lang='lat' dir='ltr'>rem,</span> <span class='ocrx_word' id='word_1_35' title='bbox 302 1005 396 1080; x_wconf 92' lang='lat' dir='ltr'>illud,</span> <span class='ocrx_word' id='word_1_36' title='bbox 420 1006 500 1087; x_wconf 93' lang='lat' dir='ltr'>quod</span> <span class='ocrx_word' id='word_1_37' title='bbox 522 1005 581 1087; x_wconf 86' lang='lat' dir='ltr'>ipse</span> <span class='ocrx_word' id='word_1_38' title='bbox 603 1029 634 1066; x_wconf 87' lang='lat' dir='ltr'>ar</span> <span class='ocrx_word' id='word_1_39' title='bbox 652 1024 729 1079; x_wconf 84' lang='lat' dir='ltr'>uat,</span> <span class='ocrx_word' id='word_1_40' title='bbox 756 1007 792 1066; x_wconf 90' lang='lat' dir='ltr'>ab</span> <span class='ocrx_word' id='word_1_41' title='bbox 816 1026 878 1080; x_wconf 92' lang='lat' dir='ltr'>e0,</span> 
     </span>
     <span class='ocr_line' id='line_1_8' title="bbox 195 1029 883 1167; baseline 0.001 -23"><span class='ocrx_word' id='word_1_42' title='bbox 195 1085 276 1166; x_wconf 93' lang='lat' dir='ltr'>quod</span> <span class='ocrx_word' id='word_1_43' title='bbox 292 1085 425 1147; x_wconf 86' lang='lat' dir='ltr'>defensor</span> <span class='ocrx_word' id='word_1_44' title='bbox 438 1103 605 1167; x_wconf 88' lang='lat' dir='ltr'>comparat,</span> <span class='ocrx_word' id='word_1_45' title='bbox 622 1029 760 1167; x_wconf 43' lang='lat' dir='ltr'>&amp;pacare</span> <span class='ocrx_word' id='word_1_46' title='bbox 777 1085 812 1146; x_wconf 95' lang='lat' dir='ltr'>Id</span> <span class='ocrx_word' id='word_1_47' title='bbox 828 1086 883 1145; x_wconf 78' lang='lat' dir='ltr'>au·—</span> 
     </span>
     <span class='ocr_line' id='line_1_9' title="bbox 195 1165 878 1241; baseline 0.003 -17"><span class='ocrx_word' id='word_1_48' title='bbox 195 1183 256 1226; x_wconf 89' lang='lat' dir='ltr'>tem</span> <span class='ocrx_word' id='word_1_49' title='bbox 276 1165 361 1227; x_wconf 86' lang='lat' dir='ltr'>faciet</span> <span class='ocrx_word' id='word_1_50' title='bbox 377 1211 396 1241; x_wconf 87' lang='lat'>,.</span> <span class='ocrx_word' id='word_1_51' title='bbox 412 1171 437 1227; x_wconf 83' lang='lat' dir='ltr'>si</span> <span class='ocrx_word' id='word_1_52' title='bbox 455 1167 661 1228; x_wconf 76' lang='lat' dir='ltr'>demonſtrabit</span> <span class='ocrx_word' id='word_1_53' title='bbox 679 1171 796 1227; x_wconf 89' lang='lat' dir='ltr'>nonita</span> <span class='ocrx_word' id='word_1_54' title='bbox 815 1165 878 1226; x_wconf 79' lang='lat' dir='ltr'>fieri</span> 
     </span>
     <span class='ocr_line' id='line_1_10' title="bbox 194 1245 878 1329; baseline 0.004 -24"><span class='ocrx_word' id='word_1_55' title='bbox 194 1245 309 1320; x_wconf 87' lang='lat' dir='ltr'>solere,</span> <span class='ocrx_word' id='word_1_56' title='bbox 327 1267 421 1328; x_wconf 86' lang='lat' dir='ltr'>neque</span> <span class='ocrx_word' id='word_1_57' title='bbox 436 1265 593 1328; x_wconf 85' lang='lat' dir='ltr'>oportere,</span> <span class='ocrx_word' id='word_1_58' title='bbox 612 1269 706 1329; x_wconf 83' lang='lat' dir='ltr'>neque</span> <span class='ocrx_word' id='word_1_59' title='bbox 719 1245 775 1308; x_wconf 82' lang='lat' dir='ltr'>effe</span> <span class='ocrx_word' id='word_1_60' title='bbox 784 1250 878 1308; x_wconf 41' lang='lat' dir='ltr'>ratio?</span> 
     </span>
     <span class='ocr_line' id='line_1_11' title="bbox 196 1327 882 1408; baseline 0.003 -22"><span class='ocrx_word' id='word_1_61' title='bbox 196 1348 265 1386; x_wconf 87' lang='lat' dir='ltr'>nem</span> <span class='ocrx_word' id='word_1_62' title='bbox 279 1372 288 1399; x_wconf 92' lang='lat'>,</span> <span class='ocrx_word' id='word_1_63' title='bbox 306 1347 392 1406; x_wconf 85' lang='lat' dir='ltr'>quare</span> <span class='ocrx_word' id='word_1_64' title='bbox 404 1329 461 1386; x_wconf 88' lang='lat' dir='ltr'>hoc</span> <span class='ocrx_word' id='word_1_65' title='bbox 473 1345 591 1408; x_wconf 87' lang='lat' dir='ltr'>propter</span> <span class='ocrx_word' id='word_1_66' title='bbox 606 1329 664 1387; x_wconf 91' lang='lat' dir='ltr'>hoc</span> <span class='ocrx_word' id='word_1_67' title='bbox 677 1327 748 1401; x_wconf 83' lang='lat' dir='ltr'>frat,</span> <span class='ocrx_word' id='word_1_68' title='bbox 765 1345 797 1388; x_wconf 89' lang='lat' dir='ltr'>ut</span> <span class='ocrx_word' id='word_1_69' title='bbox 810 1350 882 1408; x_wconf 79' lang='lat' dir='ltr'>pro-</span> 
     </span>
     <span class='ocr_line' id='line_1_12' title="bbox 196 1405 881 1488; baseline 0.004 -23"><span class='ocrx_word' id='word_1_70' title='bbox 196 1425 261 1488; x_wconf 91' lang='lat' dir='ltr'>pter</span> <span class='ocrx_word' id='word_1_71' title='bbox 276 1405 394 1467; x_wconf 89' lang='lat' dir='ltr'>salutem</span> <span class='ocrx_word' id='word_1_72' title='bbox 406 1409 528 1468; x_wconf 89' lang='lat' dir='ltr'>militum</span> <span class='ocrx_word' id='word_1_73' title='bbox 543 1427 600 1480; x_wconf 85' lang='lat' dir='ltr'>ea,</span> <span class='ocrx_word' id='word_1_74' title='bbox 614 1429 674 1488; x_wconf 84' lang='lat' dir='ltr'>quae</span> <span class='ocrx_word' id='word_1_75' title='bbox 690 1406 781 1467; x_wconf 83' lang='lat' dir='ltr'>salutis</span> <span class='ocrx_word' id='word_1_76' title='bbox 795 1409 881 1468; x_wconf 63' lang='lat' dir='ltr'>causi</span> 
     </span>
     <span class='ocr_line' id='line_1_13' title="bbox 195 1485 885 1566; baseline 0.004 -21"><span class='ocrx_word' id='word_1_77' title='bbox 195 1503 362 1566; x_wconf 87' lang='lat' dir='ltr'>comparata</span> <span class='ocrx_word' id='word_1_78' title='bbox 378 1485 440 1546; x_wconf 91' lang='lat' dir='ltr'>sunt</span> <span class='ocrx_word' id='word_1_79' title='bbox 452 1533 465 1560; x_wconf 93' lang='lat'>,.</span> <span class='ocrx_word' id='word_1_80' title='bbox 480 1485 607 1547; x_wconf 86' lang='lat' dir='ltr'>hostibus</span> <span class='ocrx_word' id='word_1_81' title='bbox 623 1487 777 1548; x_wconf 90' lang='lat' dir='ltr'>tradantur.</span> <span class='ocrx_word' id='word_1_82' title='bbox 798 1487 885 1548; x_wconf 65' lang='lat' dir='ltr'>Poth-</span> 
     </span>
     <span class='ocr_line' id='line_1_14' title="bbox 195 1566 881 1649; baseline 0.001 -23"><span class='ocrx_word' id='word_1_83' title='bbox 195 1588 230 1627; x_wconf 88' lang='lat' dir='ltr'>ea</span> <span class='ocrx_word' id='word_1_84' title='bbox 243 1588 411 1649; x_wconf 84' lang='lat' dir='ltr'>comparare</span> <span class='ocrx_word' id='word_1_85' title='bbox 425 1570 570 1647; x_wconf 84' lang='lat' dir='ltr'>oportebit</span> <span class='ocrx_word' id='word_1_86' title='bbox 583 1589 647 1629; x_wconf 91' lang='lat' dir='ltr'>cum</span> <span class='ocrx_word' id='word_1_87' title='bbox 662 1566 803 1628; x_wconf 84' lang='lat' dir='ltr'>beneficio</span> <span class='ocrx_word' id='word_1_88' title='bbox 816 1590 881 1628; x_wconf 89' lang='lat' dir='ltr'>ma·</span> 
     </span>
     <span class='ocr_line' id='line_1_15' title="bbox 195 1647 883 1731; baseline 0 -23"><span class='ocrx_word' id='word_1_89' title='bbox 195 1647 345 1721; x_wconf 87' lang='lat' dir='ltr'>leficium,</span> <span class='ocrx_word' id='word_1_90' title='bbox 372 1649 404 1708; x_wconf 86' lang='lat'>&amp;</span> <span class='ocrx_word' id='word_1_91' title='bbox 431 1651 551 1708; x_wconf 89' lang='lat' dir='ltr'>omnino</span> <span class='ocrx_word' id='word_1_92' title='bbox 571 1648 602 1707; x_wconf 93' lang='lat' dir='ltr'>id</span> <span class='ocrx_word' id='word_1_93' title='bbox 626 1649 705 1729; x_wconf 86' lang='lat' dir='ltr'>quod</span> <span class='ocrx_word' id='word_1_94' title='bbox 728 1652 883 1731; x_wconf 72' lang='lat' dir='ltr'>arguitur,</span> 
     </span>
     <span class='ocr_line' id='line_1_16' title="bbox 196 1728 879 1809; baseline 0.003 -22"><span class='ocrx_word' id='word_1_95' title='bbox 196 1750 266 1789; x_wconf 83' lang='lat' dir='ltr'>curn.</span> <span class='ocrx_word' id='word_1_96' title='bbox 279 1749 316 1789; x_wconf 91' lang='lat' dir='ltr'>eo</span> <span class='ocrx_word' id='word_1_97' title='bbox 334 1728 415 1809; x_wconf 83' lang='lat' dir='ltr'>&#39;quod</span> <span class='ocrx_word' id='word_1_98' title='bbox 431 1728 538 1790; x_wconf 70' lang='lat' dir='ltr'>fadum</span> <span class='ocrx_word' id='word_1_99' title='bbox 555 1728 591 1787; x_wconf 90' lang='lat' dir='ltr'>ab</span> <span class='ocrx_word' id='word_1_100' title='bbox 610 1728 760 1791; x_wconf 82' lang='lat' dir='ltr'>defensore</span> <span class='ocrx_word' id='word_1_101' title='bbox 777 1730 879 1789; x_wconf 89' lang='lat' dir='ltr'>lauda-</span> 
     </span>
     <span class='ocr_line' id='line_1_17' title="bbox 196 1807 884 1883; baseline 0 -13"><span class='ocrx_word' id='word_1_102' title='bbox 196 1810 295 1883; x_wconf 85' lang='lat' dir='ltr'>bitur,</span> <span class='ocrx_word' id='word_1_103' title='bbox 317 1827 364 1868; x_wconf 91' lang='lat' dir='ltr'>aut</span> <span class='ocrx_word' id='word_1_104' title='bbox 384 1809 547 1870; x_wconf 87' lang='lat' dir='ltr'>faciendum</span> <span class='ocrx_word' id='word_1_105' title='bbox 569 1807 648 1871; x_wconf 74' lang='lat' dir='ltr'>finffe</span> <span class='ocrx_word' id='word_1_106' title='bbox 669 1809 884 1870; x_wconf 82' lang='lat' dir='ltr'>demonstrabi-</span> 
     </span>
     <span class='ocr_line' id='line_1_18' title="bbox 195 1891 913 1965; baseline 0.007 -18"><span class='ocrx_word' id='word_1_107' title='bbox 195 1906 260 1962; x_wconf 89' lang='lat' dir='ltr'>tur,</span> <span class='ocrx_word' id='word_1_108' title='bbox 275 1891 470 1964; x_wconf 88' lang='lat' dir='ltr'>contendere,</span> <span class='ocrx_word' id='word_1_109' title='bbox 487 1891 518 1951; x_wconf 69' lang='grc' dir='ltr'>ὃ(</span> <span class='ocrx_word' id='word_1_110' title='bbox 530 1891 586 1950; x_wconf 91' lang='lat' dir='ltr'>hoc</span> <span class='ocrx_word' id='word_1_111' title='bbox 600 1891 803 1965; x_wconf 85' lang='lat' dir='ltr'>extenuando,</span> <span class='ocrx_word' id='word_1_112' title='bbox 817 1913 884 1952; x_wconf 84' lang='lat' dir='ltr'>ma-</span> <span class='ocrx_word' id='word_1_113' title='bbox 911 1934 913 1939; x_wconf 90' lang='lat'><em>-</em></span> 
     </span>
     <span class='ocr_line' id='line_1_19' title="bbox 196 1969 880 2054; baseline 0.001 -23"><span class='ocrx_word' id='word_1_114' title='bbox 196 1969 281 2031; x_wconf 84' lang='lat' dir='ltr'>leficii</span> <span class='ocrx_word' id='word_1_115' title='bbox 306 1972 535 2054; x_wconf 31' lang='lat' dir='ltr'>magnitudinem.</span> <span class='ocrx_word' id='word_1_116' title='bbox 554 1973 638 2033; x_wconf 86' lang='lat' dir='ltr'>simul</span> <span class='ocrx_word' id='word_1_117' title='bbox 665 1972 814 2054; x_wconf 83' lang='lat' dir='ltr'>adaugere.</span> <span class='ocrx_word' id='word_1_118' title='bbox 844 1972 880 2032; x_wconf 91' lang='lat' dir='ltr'>ld</span> 
     </span>
     <span class='ocr_line' id='line_1_20' title="bbox 197 2049 886 2131; baseline 0 -20"><span class='ocrx_word' id='word_1_119' title='bbox 197 2049 259 2111; x_wconf 86' lang='lat' dir='ltr'>fieri</span> <span class='ocrx_word' id='word_1_120' title='bbox 272 2058 396 2131; x_wconf 90' lang='lat' dir='ltr'>poterit,</span> <span class='ocrx_word' id='word_1_121' title='bbox 407 2055 433 2110; x_wconf 92' lang='lat' dir='ltr'>si</span> <span class='ocrx_word' id='word_1_122' title='bbox 446 2050 703 2126; x_wconf 82' lang='lat' dir='ltr'>demonstrabitur,</span> <span class='ocrx_word' id='word_1_123' title='bbox 717 2051 886 2126; x_wconf 83' lang='lat' dir='ltr'>honestius,</span> 
     </span>
     <span class='ocr_line' id='line_1_21' title="bbox 196 2130 884 2213; baseline 0.003 -23"><span class='ocrx_word' id='word_1_124' title='bbox 196 2132 309 2206; x_wconf 87' lang='lat' dir='ltr'>utilius,</span> <span class='ocrx_word' id='word_1_125' title='bbox 325 2135 414 2213; x_wconf 83' lang='lat' dir='ltr'>magis</span> <span class='ocrx_word' id='word_1_126' title='bbox 427 2130 611 2192; x_wconf 77' lang='lat' dir='ltr'>necessarium</span> <span class='ocrx_word' id='word_1_127' title='bbox 623 2130 701 2192; x_wconf 83' lang='lat' dir='ltr'>fuiffe</span> <span class='ocrx_word' id='word_1_128' title='bbox 714 2132 785 2191; x_wconf 90' lang='lat' dir='ltr'>illud</span> <span class='ocrx_word' id='word_1_129' title='bbox 798 2134 884 2212; x_wconf 88' lang='lat' dir='ltr'>quod</span> 
     </span>
     <span class='ocr_line' id='line_1_22' title="bbox 196 2209 815 2289; baseline -0.003 -17"><span class='ocrx_word' id='word_1_130' title='bbox 196 2215 292 2272; x_wconf 82' lang='lat' dir='ltr'>vitarit</span> <span class='ocrx_word' id='word_1_131' title='bbox 310 2232 373 2270; x_wconf 88' lang='lat' dir='ltr'>reus</span> <span class='ocrx_word' id='word_1_132' title='bbox 388 2256 397 2283; x_wconf 92' lang='lat'>,</span> <span class='ocrx_word' id='word_1_133' title='bbox 418 2210 505 2288; x_wconf 70' lang='lat' dir='ltr'>quam</span> <span class='ocrx_word' id='word_1_134' title='bbox 520 2210 595 2270; x_wconf 83' lang='lat' dir='ltr'>illud</span> <span class='ocrx_word' id='word_1_135' title='bbox 608 2211 690 2289; x_wconf 92' lang='lat' dir='ltr'>quod</span> <span class='ocrx_word' id='word_1_136' title='bbox 707 2209 815 2271; x_wconf 85' lang='lat' dir='ltr'>fecerit.</span> 
     </span>
    </p>

    <p class='ocr_par' dir='ltr' id='par_1_3' title="bbox 197 2287 887 3090">
     <span class='ocr_line' id='line_1_23' title="bbox 238 2287 879 2368; baseline -0.003 -17"><span class='ocrx_word' id='word_1_137' title='bbox 238 2292 288 2368; x_wconf 88' lang='lat'>76.</span> <span class='ocrx_word' id='word_1_138' title='bbox 309 2287 431 2350; x_wconf 85' lang='lat' dir='ltr'>Honesti</span> <span class='ocrx_word' id='word_1_139' title='bbox 444 2306 559 2361; x_wconf 86' lang='lat' dir='ltr'>autem,</span> <span class='ocrx_word' id='word_1_140' title='bbox 578 2290 611 2348; x_wconf 89' lang='lat'>&amp;</span> <span class='ocrx_word' id='word_1_141' title='bbox 622 2288 717 2361; x_wconf 87' lang='lat' dir='ltr'>utilis,</span> <span class='ocrx_word' id='word_1_142' title='bbox 734 2291 766 2348; x_wconf 90' lang='lat'>&amp;</span> <span class='ocrx_word' id='word_1_143' title='bbox 778 2311 879 2350; x_wconf 87' lang='lat' dir='ltr'>neces-</span> 
     </span>
     <span class='ocr_line' id='line_1_24' title="bbox 197 2367 886 2448; baseline -0.003 -17"><span class='ocrx_word' id='word_1_144' title='bbox 197 2371 260 2432; x_wconf 88' lang='lat' dir='ltr'>sarii</span> <span class='ocrx_word' id='word_1_145' title='bbox 282 2374 326 2429; x_wconf 90' lang='lat' dir='ltr'>vis</span> <span class='ocrx_word' id='word_1_146' title='bbox 347 2371 379 2429; x_wconf 85' lang='lat'>&amp;</span> <span class='ocrx_word' id='word_1_147' title='bbox 403 2384 503 2431; x_wconf 80' lang='lat' dir='ltr'>natura</span> <span class='ocrx_word' id='word_1_148' title='bbox 523 2371 553 2427; x_wconf 91' lang='lat' dir='ltr'>in</span> <span class='ocrx_word' id='word_1_149' title='bbox 572 2367 785 2428; x_wconf 80' lang='lat' dir='ltr'>deliberationis.</span> <span class='ocrx_word' id='word_1_150' title='bbox 804 2392 886 2448; x_wconf 49' lang='lat' dir='ltr'>prae*</span> 
     </span>
     <span class='ocr_line' id='line_1_25' title="bbox 200 2447 881 2532; baseline -0.001 -23"><span class='ocrx_word' id='word_1_151' title='bbox 200 2452 288 2529; x_wconf 86' lang='lat' dir='ltr'>ceptis</span> <span class='ocrx_word' id='word_1_152' title='bbox 309 2447 506 2532; x_wconf 84' lang='lat' dir='ltr'>cognoscetur.</span> <span class='ocrx_word' id='word_1_153' title='bbox 526 2447 645 2507; x_wconf 83' lang='lat' dir='ltr'>Deinde</span> <span class='ocrx_word' id='word_1_154' title='bbox 666 2449 811 2528; x_wconf 86' lang='lat' dir='ltr'>oportebit</span> <span class='ocrx_word' id='word_1_155' title='bbox 833 2453 881 2530; x_wconf 85' lang='lat' dir='ltr'>ip-</span> 
     </span>
     <span class='ocr_line' id='line_1_26' title="bbox 198 2527 881 2610; baseline 0.004 -23"><span class='ocrx_word' id='word_1_156' title='bbox 198 2529 259 2589; x_wconf 82' lang='lat' dir='ltr'>sam</span> <span class='ocrx_word' id='word_1_157' title='bbox 274 2530 352 2589; x_wconf 89' lang='lat' dir='ltr'>illam</span> <span class='ocrx_word' id='word_1_158' title='bbox 369 2531 596 2608; x_wconf 84' lang='lat' dir='ltr'>comparativam</span> <span class='ocrx_word' id='word_1_159' title='bbox 609 2527 812 2610; x_wconf 73' lang='lat' dir='ltr'>judicationem</span> <span class='ocrx_word' id='word_1_160' title='bbox 830 2551 881 2590; x_wconf 86' lang='lat' dir='ltr'>ex·</span> 
     </span>
     <span class='ocr_line' id='line_1_27' title="bbox 200 2608 879 2691; baseline -0.001 -20"><span class='ocrx_word' id='word_1_161' title='bbox 200 2631 335 2691; x_wconf 81' lang='lat' dir='ltr'>ponere,</span> <span class='ocrx_word' id='word_1_162' title='bbox 351 2628 497 2690; x_wconf 85' lang='lat' dir='ltr'>tamquam</span> <span class='ocrx_word' id='word_1_163' title='bbox 516 2608 627 2672; x_wconf 86' lang='lat' dir='ltr'>causam</span> <span class='ocrx_word' id='word_1_164' title='bbox 645 2609 879 2686; x_wconf 87' lang='lat' dir='ltr'>deliberativam,</span> 
     </span>
     <span class='ocr_line' id='line_1_28' title="bbox 201 2691 879 2770; baseline -0.001 -18"><span class='ocrx_word' id='word_1_165' title='bbox 201 2691 284 2752; x_wconf 85' lang='lat' dir='ltr'>&amp;de</span> <span class='ocrx_word' id='word_1_166' title='bbox 301 2713 337 2752; x_wconf 85' lang='lat' dir='ltr'>ea</span> <span class='ocrx_word' id='word_1_167' title='bbox 352 2713 389 2756; x_wconf 85' lang='lat' dir='ltr'>ex</span> <span class='ocrx_word' id='word_1_168' title='bbox 403 2692 614 2752; x_wconf 85' lang='lat' dir='ltr'>deliberationis</span> <span class='ocrx_word' id='word_1_169' title='bbox 632 2692 879 2770; x_wconf 81' lang='lat' dir='ltr'>praeceptisdein-</span> 
     </span>
     <span class='ocr_line' id='line_1_29' title="bbox 200 2769 879 2852; baseline 0.001 -22"><span class='ocrx_word' id='word_1_170' title='bbox 200 2793 268 2851; x_wconf 86' lang='lat' dir='ltr'>ceps</span> <span class='ocrx_word' id='word_1_171' title='bbox 282 2772 385 2832; x_wconf 89' lang='lat' dir='ltr'>dicere.</span> <span class='ocrx_word' id='word_1_172' title='bbox 401 2771 443 2834; x_wconf 78' lang='lat' dir='ltr'>Sit</span> <span class='ocrx_word' id='word_1_173' title='bbox 456 2775 532 2831; x_wconf 89' lang='lat' dir='ltr'>enim</span> <span class='ocrx_word' id='word_1_174' title='bbox 545 2772 605 2830; x_wconf 83' lang='lat' dir='ltr'>haec</span> <span class='ocrx_word' id='word_1_175' title='bbox 618 2769 774 2850; x_wconf 77' lang='lat' dir='ltr'>judicatio,</span> <span class='ocrx_word' id='word_1_176' title='bbox 793 2793 879 2852; x_wconf 87' lang='lat' dir='ltr'>quam</span> 
     </span>
     <span class='ocr_line' id='line_1_30' title="bbox 200 2851 880 2930; baseline 0 -21"><span class='ocrx_word' id='word_1_177' title='bbox 200 2853 266 2912; x_wconf 70' lang='lat' dir='ltr'>ante</span> <span class='ocrx_word' id='word_1_178' title='bbox 286 2851 464 2930; x_wconf 83' lang='lat' dir='ltr'>exposuimus</span> <span class='ocrx_word' id='word_1_179' title='bbox 489 2873 496 2908; x_wconf 74' lang='grc' dir='ltr'>ι</span> <span class='ocrx_word' id='word_1_180' title='bbox 516 2851 619 2929; x_wconf 88' lang='lat' dir='ltr'>Quum</span> <span class='ocrx_word' id='word_1_181' title='bbox 639 2871 740 2912; x_wconf 78' lang='lat' dir='ltr'>omnes</span> <span class='ocrx_word' id='word_1_182' title='bbox 763 2855 880 2930; x_wconf 86' lang='lat' dir='ltr'>perituri</span> 
     </span>
     <span class='ocr_line' id='line_1_31' title="bbox 201 2928 886 3009; baseline -0.004 -18"><span class='ocrx_word' id='word_1_183' title='bbox 201 2931 304 2991; x_wconf 83' lang='lat' dir='ltr'>milites</span> <span class='ocrx_word' id='word_1_184' title='bbox 318 2928 426 3002; x_wconf 83' lang='lat' dir='ltr'>ellent,</span> <span class='ocrx_word' id='word_1_185' title='bbox 441 2933 494 2988; x_wconf 91' lang='lat' dir='ltr'>nisi</span> <span class='ocrx_word' id='word_1_186' title='bbox 509 2932 545 2988; x_wconf 89' lang='lat' dir='ltr'>ad</span> <span class='ocrx_word' id='word_1_187' title='bbox 559 2931 631 2994; x_wconf 87' lang='lat' dir='ltr'>hanc</span> <span class='ocrx_word' id='word_1_188' title='bbox 648 2931 810 3009; x_wconf 66' lang='lat' dir='ltr'>pactionem</span> <span class='ocrx_word' id='word_1_189' title='bbox 826 2933 886 2988; x_wconf 56' lang='lat' dir='ltr'>ve?</span> 
     </span>
     <span class='ocr_line' id='line_1_32' title="bbox 199 3008 887 3090; baseline -0.006 -16"><span class='ocrx_word' id='word_1_190' title='bbox 199 3009 299 3074; x_wconf 77' lang='lat' dir='ltr'>niffent</span> <span class='ocrx_word' id='word_1_191' title='bbox 314 3055 323 3083; x_wconf 94' lang='lat'>,</span> <span class='ocrx_word' id='word_1_192' title='bbox 341 3014 435 3071; x_wconf 73' lang='lat' dir='ltr'>utritm</span> <span class='ocrx_word' id='word_1_193' title='bbox 450 3008 531 3070; x_wconf 83' lang='lat' dir='ltr'>satius</span> <span class='ocrx_word' id='word_1_194' title='bbox 548 3009 631 3068; x_wconf 90' lang='lat' dir='ltr'>fuerit</span> <span class='ocrx_word' id='word_1_195' title='bbox 647 3012 742 3090; x_wconf 74' lang='lat' dir='ltr'>perire¹</span> <span class='ocrx_word' id='word_1_196' title='bbox 759 3010 887 3085; x_wconf 65' lang='lat' dir='ltr'>milites,</span> 
     </span>
    </p>
   </div>
   <div class='ocr_carea' id='block_1_3' title="bbox 0 0 1217 4067">
    <p class='ocr_par' dir='ltr' id='par_1_4' title="bbox 0 0 1217 4067">
     <span class='ocr_line' id='line_1_33' title="bbox 0 0 1217 4067; baseline 0 0"><span class='ocrx_word' id='word_1_197' title='bbox 0 0 1217 4067; x_wconf 95' lang='lat' dir='ltr'> </span> 
     </span>
    </p>
   </div>
  </div>
 </body>
</html>
