2400 4067
449 513 480 582 0
508 534 534 581 u
558 532 585 582 Α
614 533 638 582 r
662 533 689 580 ο
714 532 752 581 u.
858 533 934 606 459

254 648 347 703 nere,
374 630 455 710 quod
477 629 598 730 diximus
622 631 783 723 proprium·
798 625 937 710 sophista·

254 732 339 850 3333
353 725 941 879 3⁰55}st12⁰3i‘32ff3'35923332’ffi

255 871 317 931 sum
331 872 408 932 foro.
443 870 502 932 Sed
514 870 595 952 quiid
614 871 735 931 educata
748 871 833 949 hujus
849 872 942 929 nutri-

258 955 364 1011 mentis
379 952 565 1033 eloquentia,
582 949 641 1031 ipsa
651 950 679 1011 se
695 949 796 1032 postea
809 949 941 1022 colorat,

260 1033 294 1091 &
312 1033 451 1105 roborat,
472 1053 534 1092 non
553 1031 679 1093 alienum
695 1031 749 1091 fuit
768 1031 805 1093 de
820 1032 942 1093 oratum

259 1115 341 1192 quasi
356 1113 533 1173 incunabulis
543 1113 651 1175 dicere.
671 1111 785 1173 Verium
801 1111 884 1184 hac,
898 1111 943 1171 iu·

261 1196 386 1268 dorum,
404 1210 490 1275 atque
503 1214 640 1274 pompe:
659 1214 714 1254 uos
732 1209 829 1256 amem
841 1190 902 1272 jam
913 1193 944 1251 in

261 1276 376 1346 aciem,
396 1274 671 1356 dimicationemque
686 1274 847 1337 veniamus.
940 1302 944 1309 ·

303 1352 389 1414 XIV.
407 1354 558 1435 Quoniam
575 1357 631 1415 tria
647 1354 776 1416 videnda
792 1353 856 1415 sunt
875 1371 945 1412 ora·

261 1436 340 1509 tori,
355 1435 424 1515 quid
436 1432 530 1509 dicat,
544 1435 577 1496 ὅ(
589 1456 650 1516 quo
661 1435 789 1516 quidque
804 1434 893 1507 loco,
910 1433 944 1492 &

262 1536 322 1596 quo
333 1515 425 1576 modo
438 1536 447 1588 ;
461 1514 619 1577 dicendum
628 1518 751 1576 omnino
760 1512 801 1576 est
810 1557 820 1587 ,
829 1512 899 1595 quid
910 1515 946 1571 sit

264 1598 409 1675 optimum
427 1598 458 1655 in
476 1596 611 1677 singulis,
632 1593 681 1657 sed
701 1595 737 1654 ali
778 1596 847 1654 amb
865 1593 946 1654 secus

264 1695 351 1756 atque
371 1679 401 1734 in
424 1675 564 1737 tradenda
582 1693 645 1737 arte
667 1675 724 1735 dici
755 1674 827 1736 olet.
858 1672 947 1733 Nulla

264 1773 412 1838 praecepta
421 1776 576 1838 ponemus,
587 1776 684 1838 neque
696 1758 776 1817 enim
786 1755 817 1815 id
825 1752 949 1835 suscepi·

265 1858 348 1910 mus,
365 1835 415 1897 sed
434 1837 602 1899 excellentis
621 1837 799 1919 eloquentia
819 1834 947 1918 speciem

266 1918 299 1978 ὃ(
307 1917 434 1979 formam
443 1918 691 1980 adumbrabimus:
702 1938 774 1992 uec,
786 1918 889 2000 quibus
899 1936 948 1977 re-

267 2000 320 2058 bus
329 2018 364 2059 ea
377 2016 511 2081 paretur,
521 1997 781 2082 exponemus3sed
790 1998 882 2080 qualis
890 2019 949 2059 no-

268 2080 311 2139 bis
327 2077 385 2140 effe
399 2079 543 2141 videatur.

309 2180 359 2231 44.
377 2157 423 2219 Ac
436 2159 495 2218 duo
508 2160 637 2220 breviter
654 2160 748 2237 prima
762 2179 770 2217 ε
793 2154 856 2217 sunt
870 2159 950 2217 enim

269 2259 331 2298 non
355 2254 415 2296 tam
432 2241 554 2318 insignia
576 2237 613 2297 ad
634 2240 791 2297 maximam
811 2235 952 2310 laudem,

269 2318 357 2398 quim
382 2315 558 2390 neceffaria‚
589 2317 828 2376 &tamencum
853 2316 953 2375 multis

270 2418 347 2480 pene
358 2399 535 2459 communia.
560 2395 638 2457 Nam
651 2397 843 2467 &invenire,
861 2395 895 2455 &
907 2394 954 2473 ju·

272 2479 391 2550 dicare,
417 2477 487 2560 quid
509 2477 609 2550 dicas,
637 2497 744 2558 magna
762 2475 812 2537 iila
834 2475 954 2557 quidem

247 2552 252 2561 ⁶
270 2559 355 2632 sunt,
376 2561 566 2640 &tamquam
577 2559 664 2619 animi
677 2555 800 2618 instarin
810 2576 953 2638 corpore:

270 2640 320 2700 sed
342 2643 459 2722 propria
471 2642 562 2725 magis
579 2637 762 2722 prudentia,
789 2638 876 2721 quam
889 2639 954 2699 elo·

271 2725 419 2802 quentia:
448 2744 505 2803 qua
523 2741 623 2782 tamen
646 2723 677 2781 in
697 2718 779 2780 causa
800 2717 841 2781 est
862 2739 955 2779 vacua

271 2800 445 2880 prudentia?
463 2802 589 2863 Noverit
597 2801 684 2882 igitur
694 2801 740 2860 hic
754 2800 872 2882 quidem
889 2819 956 2858 ora-

273 2903 341 2951 tor,
357 2900 445 2960 quem
462 2882 606 2942 summum
624 2877 681 2941 ess‘e
693 2881 848 2952 volumus,
869 2898 957 2959 argu·

274 2976 441 3020 mentorum
453 2960 485 3021 ὃ(
496 2965 642 3021 rationum
653 2958 746 3020 locos.

315 3059 365 3123 45.
380 3038 458 3101 Nam
469 3044 625 3125 quoniam,
639 3039 775 3121 quidquid
767 3038 831 3178 Veii⁸
840 3037 957 3119 quodin

815 3143 833 3197 ¹]

482 3359 910 3449 N
