<?xml version="1.0" encoding="UTF-8"?>
<!DOCTYPE html PUBLIC "-//W3C//DTD XHTML 1.0 Transitional//EN"
    "http://www.w3.org/TR/xhtml1/DTD/xhtml1-transitional.dtd">
<html xmlns="http://www.w3.org/1999/xhtml" xml:lang="en" lang="en">
 <head>
  <title>
</title>
<meta http-equiv="Content-Type" content="text/html;charset=utf-8" />
  <meta name='ocr-system' content='tesseract 3.04.00' />
  <meta name='ocr-capabilities' content='ocr_page ocr_carea ocr_par ocr_line ocrx_word'/>
</head>
<body>
  <div class='ocr_page' id='page_1' title='image "./mtulliiciceroni01lallgoog_0315.png"; bbox 0 0 2400 4067; ppageno 0'>
   <div class='ocr_carea' id='block_1_1' title="bbox 314 492 943 586">
    <p class='ocr_par' dir='ltr' id='par_1_1' title="bbox 314 492 943 586">
     <span class='ocr_line' id='line_1_1' title="bbox 314 492 943 586; baseline 0.01 -29"><span class='ocrx_word' id='word_1_1' title='bbox 314 493 605 557; x_wconf 66' lang='lat' dir='ltr'>armonica</span> <span class='ocrx_word' id='word_1_2' title='bbox 633 492 733 558; x_wconf 76' lang='lat' dir='ltr'>Lrn.</span> <span class='ocrx_word' id='word_1_3' title='bbox 762 494 815 560; x_wconf 90' lang='lat' dir='ltr'>II.</span> <span class='ocrx_word' id='word_1_4' title='bbox 869 513 943 586; x_wconf 63' lang='lat'>301</span> 
     </span>
    </p>
   </div>
   <div class='ocr_carea' id='block_1_2' title="bbox 252 603 1033 3111">
    <p class='ocr_par' dir='ltr' id='par_1_2' title="bbox 252 603 951 2776">
     <span class='ocr_line' id='line_1_2' title="bbox 263 603 950 686; baseline 0.001 -24"><span class='ocrx_word' id='word_1_5' title='bbox 263 606 374 679; x_wconf 74' lang='lat' dir='ltr'>vellet,</span> <span class='ocrx_word' id='word_1_6' title='bbox 394 606 500 667; x_wconf 86' lang='lat' dir='ltr'>debere</span> <span class='ocrx_word' id='word_1_7' title='bbox 517 607 593 665; x_wconf 86' lang='lat' dir='ltr'>dicit.</span> <span class='ocrx_word' id='word_1_8' title='bbox 610 604 758 678; x_wconf 74' lang='lat' dir='ltr'>Primum,</span> <span class='ocrx_word' id='word_1_9' title='bbox 776 603 873 664; x_wconf 78' lang='lat' dir='ltr'>sideri</span> <span class='ocrx_word' id='word_1_10' title='bbox 889 628 950 686; x_wconf 87' lang='lat' dir='ltr'>po-</span> 
     </span>
     <span class='ocr_line' id='line_1_3' title="bbox 262 683 950 759; baseline 0 -16"><span class='ocrx_word' id='word_1_11' title='bbox 262 690 354 758; x_wconf 82' lang='lat' dir='ltr'>terit,</span> <span class='ocrx_word' id='word_1_12' title='bbox 372 686 628 746; x_wconf 84' lang='lat' dir='ltr'>demonstrandum</span> <span class='ocrx_word' id='word_1_13' title='bbox 641 685 705 759; x_wconf 87' lang='lat' dir='ltr'>est,</span> <span class='ocrx_word' id='word_1_14' title='bbox 726 707 786 745; x_wconf 90' lang='lat' dir='ltr'>non</span> <span class='ocrx_word' id='word_1_15' title='bbox 806 683 860 744; x_wconf 82' lang='lat' dir='ltr'>effe</span> <span class='ocrx_word' id='word_1_16' title='bbox 879 707 950 743; x_wconf 77' lang='lat' dir='ltr'>am·</span> 
     </span>
     <span class='ocr_line' id='line_1_4' title="bbox 263 765 951 849; baseline 0.004 -26"><span class='ocrx_word' id='word_1_17' title='bbox 263 765 349 848; x_wconf 72' lang='lat' dir='ltr'>bigud</span> <span class='ocrx_word' id='word_1_18' title='bbox 375 767 532 849; x_wconf 85' lang='lat' dir='ltr'>scriptum,</span> <span class='ocrx_word' id='word_1_19' title='bbox 556 784 711 849; x_wconf 83' lang='lat' dir='ltr'>propterea</span> <span class='ocrx_word' id='word_1_20' title='bbox 736 765 815 848; x_wconf 74' lang='lat' dir='ltr'>quod</span> <span class='ocrx_word' id='word_1_21' title='bbox 842 785 951 825; x_wconf 85' lang='lat' dir='ltr'>omnes-</span> 
     </span>
     <span class='ocr_line' id='line_1_5' title="bbox 252 844 945 910; baseline 0.003 -6"><span class='ocrx_word' id='word_1_22' title='bbox 252 849 291 904; x_wconf 69' lang='lat' dir='ltr'>‘in</span> <span class='ocrx_word' id='word_1_23' title='bbox 307 847 511 910; x_wconf 88' lang='lat' dir='ltr'>consuetudine</span> <span class='ocrx_word' id='word_1_24' title='bbox 525 848 663 909; x_wconf 87' lang='lat' dir='ltr'>sermonis</span> <span class='ocrx_word' id='word_1_25' title='bbox 682 850 721 906; x_wconf 93' lang='lat' dir='ltr'>sic</span> <span class='ocrx_word' id='word_1_26' title='bbox 740 849 782 905; x_wconf 90' lang='lat' dir='ltr'>uti</span> <span class='ocrx_word' id='word_1_27' title='bbox 796 844 889 906; x_wconf 85' lang='lat' dir='ltr'>solent</span> <span class='ocrx_word' id='word_1_28' title='bbox 907 865 945 906; x_wconf 85' lang='lat' dir='ltr'>eo</span> 
     </span>
     <span class='ocr_line' id='line_1_6' title="bbox 261 926 950 1011; baseline -0.006 -26"><span class='ocrx_word' id='word_1_29' title='bbox 261 929 355 986; x_wconf 89' lang='lat' dir='ltr'>verbo</span> <span class='ocrx_word' id='word_1_30' title='bbox 379 951 463 1004; x_wconf 86' lang='lat' dir='ltr'>uno,</span> <span class='ocrx_word' id='word_1_31' title='bbox 488 927 654 1011; x_wconf 81' lang='lat' dir='ltr'>pluribusve</span> <span class='ocrx_word' id='word_1_32' title='bbox 677 931 706 986; x_wconf 90' lang='lat' dir='ltr'>in</span> <span class='ocrx_word' id='word_1_33' title='bbox 726 949 760 987; x_wconf 88' lang='lat' dir='ltr'>ea</span> <span class='ocrx_word' id='word_1_34' title='bbox 780 926 950 999; x_wconf 67' lang='lat' dir='ltr'>sententia,</span> 
     </span>
     <span class='ocr_line' id='line_1_7' title="bbox 261 1003 951 1091; baseline 0 -25"><span class='ocrx_word' id='word_1_35' title='bbox 261 1011 370 1089; x_wconf 90' lang='lat' dir='ltr'>inqua</span> <span class='ocrx_word' id='word_1_36' title='bbox 395 1013 441 1083; x_wconf 82' lang='lat' dir='ltr'>is,</span> <span class='ocrx_word' id='word_1_37' title='bbox 467 1013 515 1091; x_wconf 92' lang='lat' dir='ltr'>qui</span> <span class='ocrx_word' id='word_1_38' title='bbox 539 1011 640 1085; x_wconf 89' lang='lat' dir='ltr'>dicet,</span> <span class='ocrx_word' id='word_1_39' title='bbox 662 1007 862 1089; x_wconf 88' lang='lat' dir='ltr'>accipiendum</span> <span class='ocrx_word' id='word_1_40' title='bbox 888 1003 951 1067; x_wconf 79' lang='lat' dir='ltr'>esse·</span> 
     </span>
     <span class='ocr_line' id='line_1_8' title="bbox 261 1089 934 1150; baseline 0.006 -2"><span class='ocrx_word' id='word_1_41' title='bbox 261 1089 477 1150; x_wconf 89' lang='lat' dir='ltr'>demonstrabit.</span> <span class='ocrx_word' id='word_1_42' title='bbox 910 1143 911 1148; x_wconf 10' lang='grc' dir='ltr'><strong>κ</strong></span> <span class='ocrx_word' id='word_1_43' title='bbox 933 1129 934 1132; x_wconf 60' lang='lat'><em>=</em></span> 
     </span>
     <span class='ocr_line' id='line_1_9' title="bbox 306 1167 948 1247; baseline -0.003 -18"><span class='ocrx_word' id='word_1_44' title='bbox 306 1190 371 1247; x_wconf 90' lang='lat'>117.</span> <span class='ocrx_word' id='word_1_45' title='bbox 390 1169 510 1232; x_wconf 82' lang='lat' dir='ltr'>Deinde</span> <span class='ocrx_word' id='word_1_46' title='bbox 527 1192 562 1232; x_wconf 81' lang='lat' dir='ltr'>ex</span> <span class='ocrx_word' id='word_1_47' title='bbox 578 1171 608 1230; x_wconf 91' lang='lat' dir='ltr'>su</span> <span class='ocrx_word' id='word_1_48' title='bbox 632 1172 746 1243; x_wconf 72' lang='lat' dir='ltr'>miore,</span> <span class='ocrx_word' id='word_1_49' title='bbox 767 1170 798 1230; x_wconf 74' lang='grc' dir='ltr'>δ’(</span> <span class='ocrx_word' id='word_1_50' title='bbox 816 1191 852 1230; x_wconf 85' lang='lat' dir='ltr'>err</span> <span class='ocrx_word' id='word_1_51' title='bbox 869 1167 948 1228; x_wconf 66' lang='lat' dir='ltr'>infe*-</span> 
     </span>
     <span class='ocr_line' id='line_1_10' title="bbox 258 1193 946 1334; baseline 0.001 -26"><span class='ocrx_word' id='word_1_52' title='bbox 258 1252 336 1311; x_wconf 88' lang='lat' dir='ltr'>riore</span> <span class='ocrx_word' id='word_1_53' title='bbox 351 1252 486 1334; x_wconf 86' lang='lat' dir='ltr'>scriptura</span> <span class='ocrx_word' id='word_1_54' title='bbox 503 1193 669 1313; x_wconf 71' lang='lat' dir='ltr'>docendum</span> <span class='ocrx_word' id='word_1_55' title='bbox 682 1298 691 1325; x_wconf 89' lang='lat'><strong>‚</strong></span> <span class='ocrx_word' id='word_1_56' title='bbox 707 1252 757 1324; x_wconf 87' lang='lat' dir='ltr'>id,</span> <span class='ocrx_word' id='word_1_57' title='bbox 774 1251 858 1334; x_wconf 90' lang='lat' dir='ltr'>quod</span> <span class='ocrx_word' id='word_1_58' title='bbox 869 1272 946 1333; x_wconf 84' lang='lat' dir='ltr'>quae-</span> 
     </span>
     <span class='ocr_line' id='line_1_11' title="bbox 259 1330 946 1424; baseline 0.004 -35"><span class='ocrx_word' id='word_1_59' title='bbox 259 1351 358 1406; x_wconf 86' lang='lat' dir='ltr'>ratur,</span> <span class='ocrx_word' id='word_1_60' title='bbox 380 1332 442 1393; x_wconf 80' lang='lat' dir='ltr'>sieri</span> <span class='ocrx_word' id='word_1_61' title='bbox 457 1331 649 1424; x_wconf 83' lang='lat' dir='ltr'>perspicuum.</span> <span class='ocrx_word' id='word_1_62' title='bbox 667 1333 773 1411; x_wconf 87' lang='lat' dir='ltr'>Quare·</span> <span class='ocrx_word' id='word_1_63' title='bbox 787 1335 809 1390; x_wconf 88' lang='lat' dir='ltr'>si</span> <span class='ocrx_word' id='word_1_64' title='bbox 824 1331 883 1412; x_wconf 89' lang='lat' dir='ltr'>ipsa</span> <span class='ocrx_word' id='word_1_65' title='bbox 900 1330 946 1392; x_wconf 82' lang='lat' dir='ltr'>se·</span> 
     </span>
     <span class='ocr_line' id='line_1_12' title="bbox 259 1413 945 1492; baseline 0 -22"><span class='ocrx_word' id='word_1_66' title='bbox 259 1415 381 1492; x_wconf 79' lang='lat' dir='ltr'>paratim</span> <span class='ocrx_word' id='word_1_67' title='bbox 402 1435 439 1473; x_wconf 84' lang='lat' dir='ltr'>ex</span> <span class='ocrx_word' id='word_1_68' title='bbox 451 1421 480 1473; x_wconf 88' lang='lat' dir='ltr'>se</span> <span class='ocrx_word' id='word_1_69' title='bbox 498 1414 590 1473; x_wconf 87' lang='lat' dir='ltr'>verba</span> <span class='ocrx_word' id='word_1_70' title='bbox 611 1413 828 1472; x_wconf 77' lang='lat' dir='ltr'>considerentur</span> <span class='ocrx_word' id='word_1_71' title='bbox 839 1457 850 1483; x_wconf 91' lang='lat'><em>,</em></span> <span class='ocrx_word' id='word_1_72' title='bbox 877 1433 945 1471; x_wconf 89' lang='lat' dir='ltr'>om·-</span> 
     </span>
     <span class='ocr_line' id='line_1_13' title="bbox 259 1491 943 1631; baseline 0 -79"><span class='ocrx_word' id='word_1_73' title='bbox 259 1496 331 1568; x_wconf 88' lang='lat' dir='ltr'>nia,</span> <span class='ocrx_word' id='word_1_74' title='bbox 357 1511 406 1552; x_wconf 90' lang='lat' dir='ltr'>aut</span> <span class='ocrx_word' id='word_1_75' title='bbox 433 1495 595 1575; x_wconf 63' lang='lat' dir='ltr'>pleraque5</span> <span class='ocrx_word' id='word_1_76' title='bbox 619 1493 754 1631; x_wconf 50' lang='lat' dir='ltr'>ambigua</span> <span class='ocrx_word' id='word_1_77' title='bbox 782 1491 874 1552; x_wconf 88' lang='lat' dir='ltr'>visum</span> <span class='ocrx_word' id='word_1_78' title='bbox 901 1493 943 1552; x_wconf 90' lang='lat' dir='ltr'>iri.</span> 
     </span>
     <span class='ocr_line' id='line_1_14' title="bbox 260 1572 951 1653; baseline -0.001 -21"><span class='ocrx_word' id='word_1_79' title='bbox 260 1574 338 1652; x_wconf 85' lang='lat' dir='ltr'>Quae</span> <span class='ocrx_word' id='word_1_80' title='bbox 354 1592 449 1633; x_wconf 90' lang='lat' dir='ltr'>autem</span> <span class='ocrx_word' id='word_1_81' title='bbox 465 1595 501 1634; x_wconf 83' lang='lat' dir='ltr'>ex</span> <span class='ocrx_word' id='word_1_82' title='bbox 519 1577 600 1633; x_wconf 89' lang='lat' dir='ltr'>omni</span> <span class='ocrx_word' id='word_1_83' title='bbox 617 1576 696 1633; x_wconf 89' lang='lat' dir='ltr'>consi</span> <span class='ocrx_word' id='word_1_84' title='bbox 719 1576 796 1632; x_wconf 83' lang='lat' dir='ltr'>erata</span> <span class='ocrx_word' id='word_1_85' title='bbox 809 1572 951 1653; x_wconf 87' lang='lat' dir='ltr'>scriptura.</span> 
     </span>
     <span class='ocr_line' id='line_1_15' title="bbox 260 1654 945 1736; baseline 0 -23"><span class='ocrx_word' id='word_1_86' title='bbox 260 1654 409 1735; x_wconf 87' lang='lat' dir='ltr'>perspicua</span> <span class='ocrx_word' id='word_1_87' title='bbox 429 1654 521 1728; x_wconf 83' lang='lat' dir='ltr'>fiant,</span> <span class='ocrx_word' id='word_1_88' title='bbox 542 1655 602 1713; x_wconf 87' lang='lat' dir='ltr'>haec</span> <span class='ocrx_word' id='word_1_89' title='bbox 624 1655 757 1736; x_wconf 87' lang='lat' dir='ltr'>ambigua</span> <span class='ocrx_word' id='word_1_90' title='bbox 773 1675 834 1713; x_wconf 92' lang='lat' dir='ltr'>non</span> <span class='ocrx_word' id='word_1_91' title='bbox 852 1675 945 1734; x_wconf 89' lang='lat' dir='ltr'>opor·</span> 
     </span>
     <span class='ocr_line' id='line_1_16' title="bbox 259 1733 945 1817; baseline 0.004 -26"><span class='ocrx_word' id='word_1_92' title='bbox 259 1751 320 1794; x_wconf 89' lang='lat' dir='ltr'>tere</span> <span class='ocrx_word' id='word_1_93' title='bbox 340 1734 499 1796; x_wconf 85' lang='lat' dir='ltr'>existimari.</span> <span class='ocrx_word' id='word_1_94' title='bbox 528 1733 647 1795; x_wconf 82' lang='lat' dir='ltr'>Deinde</span> <span class='ocrx_word' id='word_1_95' title='bbox 673 1737 780 1817; x_wconf 84' lang='lat' dir='ltr'>quain</span> <span class='ocrx_word' id='word_1_96' title='bbox 804 1733 945 1795; x_wconf 84' lang='lat' dir='ltr'>sententia</span> 
     </span>
     <span class='ocr_line' id='line_1_17' title="bbox 259 1812 950 1896; baseline 0.001 -24"><span class='ocrx_word' id='word_1_97' title='bbox 259 1812 378 1896; x_wconf 88' lang='lat' dir='ltr'>scriptor</span> <span class='ocrx_word' id='word_1_98' title='bbox 398 1817 509 1890; x_wconf 75' lang='lat' dir='ltr'>fuerit,</span> <span class='ocrx_word' id='word_1_99' title='bbox 534 1837 571 1876; x_wconf 83' lang='lat' dir='ltr'>ex</span> <span class='ocrx_word' id='word_1_100' title='bbox 594 1819 694 1876; x_wconf 88' lang='lat' dir='ltr'>ceteris</span> <span class='ocrx_word' id='word_1_101' title='bbox 718 1813 780 1895; x_wconf 84' lang='lat' dir='ltr'>ejus</span> <span class='ocrx_word' id='word_1_102' title='bbox 803 1815 911 1896; x_wconf 89' lang='lat' dir='ltr'>scriptis</span> <span class='ocrx_word' id='word_1_103' title='bbox 933 1862 950 1890; x_wconf 87' lang='lat'>‚.</span> 
     </span>
     <span class='ocr_line' id='line_1_18' title="bbox 258 1894 946 1978; baseline 0 -23"><span class='ocrx_word' id='word_1_104' title='bbox 258 1894 358 1971; x_wconf 68' lang='lat' dir='ltr'>factis,</span> <span class='ocrx_word' id='word_1_105' title='bbox 378 1896 457 1957; x_wconf 68' lang='lat' dir='ltr'>dictis</span> <span class='ocrx_word' id='word_1_106' title='bbox 470 1943 486 1972; x_wconf 82' lang='grc'>,,</span> <span class='ocrx_word' id='word_1_107' title='bbox 500 1899 619 1972; x_wconf 86' lang='lat' dir='ltr'>animo,</span> <span class='ocrx_word' id='word_1_108' title='bbox 641 1914 727 1978; x_wconf 87' lang='lat' dir='ltr'>atque</span> <span class='ocrx_word' id='word_1_109' title='bbox 744 1896 805 1958; x_wconf 73' lang='lat' dir='ltr'>vitai</span> <span class='ocrx_word' id='word_1_110' title='bbox 823 1894 884 1976; x_wconf 78' lang='lat' dir='ltr'>ejus</span> <span class='ocrx_word' id='word_1_111' title='bbox 902 1895 946 1956; x_wconf 86' lang='lat' dir='ltr'>su·</span> 
     </span>
     <span class='ocr_line' id='line_1_19' title="bbox 257 1977 951 2060; baseline -0.003 -24"><span class='ocrx_word' id='word_1_112' title='bbox 257 1981 298 2036; x_wconf 91' lang='lat' dir='ltr'>mi</span> <span class='ocrx_word' id='word_1_113' title='bbox 316 1980 485 2060; x_wconf 81' lang='lat' dir='ltr'>oportebit,</span> <span class='ocrx_word' id='word_1_114' title='bbox 506 1979 537 2038; x_wconf 87' lang='lat'><strong>&amp;</strong></span> <span class='ocrx_word' id='word_1_115' title='bbox 553 1981 625 2040; x_wconf 79' lang='lat' dir='ltr'>‘eam</span> <span class='ocrx_word' id='word_1_116' title='bbox 644 1977 733 2059; x_wconf 87' lang='lat' dir='ltr'>ipsam</span> <span class='ocrx_word' id='word_1_117' title='bbox 751 1977 917 2058; x_wconf 88' lang='lat' dir='ltr'>scripturam</span> <span class='ocrx_word' id='word_1_118' title='bbox 936 2025 951 2053; x_wconf 17' lang='lat' dir='ltr'>‚A</span> 
     </span>
     <span class='ocr_line' id='line_1_20' title="bbox 256 2059 940 2142; baseline 0.003 -26"><span class='ocrx_word' id='word_1_119' title='bbox 256 2060 285 2116; x_wconf 86' lang='lat' dir='ltr'>in</span> <span class='ocrx_word' id='word_1_120' title='bbox 309 2082 365 2140; x_wconf 90' lang='lat' dir='ltr'>qua</span> <span class='ocrx_word' id='word_1_121' title='bbox 388 2063 473 2120; x_wconf 88' lang='lat' dir='ltr'>inerit</span> <span class='ocrx_word' id='word_1_122' title='bbox 494 2060 568 2118; x_wconf 89' lang='lat' dir='ltr'>illud</span> <span class='ocrx_word' id='word_1_123' title='bbox 589 2061 785 2142; x_wconf 81' lang='lat' dir='ltr'>ambiguum,</span> <span class='ocrx_word' id='word_1_124' title='bbox 817 2059 853 2118; x_wconf 91' lang='lat' dir='ltr'>de</span> <span class='ocrx_word' id='word_1_125' title='bbox 882 2080 940 2140; x_wconf 87' lang='lat' dir='ltr'>quo</span> 
     </span>
     <span class='ocr_line' id='line_1_21' title="bbox 256 2141 942 2220; baseline 0.004 -23"><span class='ocrx_word' id='word_1_126' title='bbox 256 2144 412 2220; x_wconf 85' lang='lat' dir='ltr'>quaeritur,</span> <span class='ocrx_word' id='word_1_127' title='bbox 427 2156 520 2203; x_wconf 85' lang='lat' dir='ltr'>totam</span> <span class='ocrx_word' id='word_1_128' title='bbox 533 2161 570 2200; x_wconf 87' lang='lat' dir='ltr'>ex</span> <span class='ocrx_word' id='word_1_129' title='bbox 584 2143 718 2199; x_wconf 90' lang='lat' dir='ltr'>omnibus</span> <span class='ocrx_word' id='word_1_130' title='bbox 733 2141 860 2220; x_wconf 88' lang='lat' dir='ltr'>partibus</span> <span class='ocrx_word' id='word_1_131' title='bbox 875 2149 942 2219; x_wconf 79' lang='lat' dir='ltr'>pei-</span> 
     </span>
     <span class='ocr_line' id='line_1_22' title="bbox 255 2221 941 2300; baseline 0.001 -23"><span class='ocrx_word' id='word_1_132' title='bbox 255 2237 395 2293; x_wconf 73' lang='lat' dir='ltr'>tentare,</span> <span class='ocrx_word' id='word_1_133' title='bbox 411 2222 434 2278; x_wconf 87' lang='lat' dir='ltr'>si</span> <span class='ocrx_word' id='word_1_134' title='bbox 452 2221 520 2300; x_wconf 92' lang='lat' dir='ltr'>quid</span> <span class='ocrx_word' id='word_1_135' title='bbox 538 2237 585 2278; x_wconf 89' lang='lat' dir='ltr'>aut</span> <span class='ocrx_word' id='word_1_136' title='bbox 602 2221 639 2279; x_wconf 90' lang='lat' dir='ltr'>ad</span> <span class='ocrx_word' id='word_1_137' title='bbox 653 2221 682 2278; x_wconf 91' lang='lat' dir='ltr'>id</span> <span class='ocrx_word' id='word_1_138' title='bbox 702 2223 865 2299; x_wconf 87' lang='lat' dir='ltr'>appositum</span> <span class='ocrx_word' id='word_1_139' title='bbox 883 2223 917 2278; x_wconf 84' lang='lat' dir='ltr'>sit</span> <span class='ocrx_word' id='word_1_140' title='bbox 931 2266 941 2294; x_wconf 89' lang='lat'>,</span> 
     </span>
     <span class='ocr_line' id='line_1_23' title="bbox 255 2299 942 2381; baseline 0 -23"><span class='ocrx_word' id='word_1_141' title='bbox 255 2301 335 2381; x_wconf 92' lang='lat' dir='ltr'>quod</span> <span class='ocrx_word' id='word_1_142' title='bbox 349 2323 402 2359; x_wconf 86' lang='lat' dir='ltr'>nos</span> <span class='ocrx_word' id='word_1_143' title='bbox 416 2302 657 2377; x_wconf 81' lang='lat' dir='ltr'>interpretemur,</span> <span class='ocrx_word' id='word_1_144' title='bbox 671 2315 719 2357; x_wconf 90' lang='lat' dir='ltr'>aut</span> <span class='ocrx_word' id='word_1_145' title='bbox 733 2301 777 2370; x_wconf 86' lang='lat' dir='ltr'>ei,</span> <span class='ocrx_word' id='word_1_146' title='bbox 794 2299 875 2377; x_wconf 90' lang='lat' dir='ltr'>quod</span> <span class='ocrx_word' id='word_1_147' title='bbox 890 2301 942 2358; x_wconf 89' lang='lat' dir='ltr'>ad&#39;-</span> 
     </span>
     <span class='ocr_line' id='line_1_24' title="bbox 254 2377 941 2460; baseline -0.001 -21"><span class='ocrx_word' id='word_1_148' title='bbox 254 2380 394 2440; x_wconf 88' lang='lat' dir='ltr'>versarius</span> <span class='ocrx_word' id='word_1_149' title='bbox 415 2379 574 2460; x_wconf 83' lang='lat' dir='ltr'>intelligat,</span> <span class='ocrx_word' id='word_1_150' title='bbox 596 2378 768 2438; x_wconf 78' lang='lat' dir='ltr'>adversetur.</span> <span class='ocrx_word' id='word_1_151' title='bbox 796 2377 873 2436; x_wconf 90' lang='lat' dir='ltr'>Nam</span> <span class='ocrx_word' id='word_1_152' title='bbox 894 2379 941 2438; x_wconf 86' lang='lat' dir='ltr'>sa-</span> 
     </span>
     <span class='ocr_line' id='line_1_25' title="bbox 256 2457 941 2542; baseline 0.001 -24"><span class='ocrx_word' id='word_1_153' title='bbox 256 2462 329 2534; x_wconf 71' lang='lat' dir='ltr'>cild,</span> <span class='ocrx_word' id='word_1_154' title='bbox 350 2460 419 2542; x_wconf 92' lang='lat' dir='ltr'>quid</span> <span class='ocrx_word' id='word_1_155' title='bbox 431 2460 585 2521; x_wconf 85' lang='lat' dir='ltr'>verisimile</span> <span class='ocrx_word' id='word_1_156' title='bbox 602 2463 636 2519; x_wconf 84' lang='lat' dir='ltr'>sit</span> <span class='ocrx_word' id='word_1_157' title='bbox 650 2480 716 2520; x_wconf 85' lang='lat' dir='ltr'>eum</span> <span class='ocrx_word' id='word_1_158' title='bbox 730 2457 850 2519; x_wconf 82' lang='lat' dir='ltr'>voluisse</span> <span class='ocrx_word' id='word_1_159' title='bbox 862 2505 871 2532; x_wconf 90' lang='lat'><strong>‚</strong></span> <span class='ocrx_word' id='word_1_160' title='bbox 892 2462 941 2540; x_wconf 88' lang='lat' dir='ltr'>qui</span> 
     </span>
     <span class='ocr_line' id='line_1_26' title="bbox 255 2539 940 2622; baseline 0.001 -23"><span class='ocrx_word' id='word_1_161' title='bbox 255 2541 383 2622; x_wconf 86' lang='lat' dir='ltr'>scripsit,</span> <span class='ocrx_word' id='word_1_162' title='bbox 398 2562 435 2602; x_wconf 85' lang='lat' dir='ltr'>ex</span> <span class='ocrx_word' id='word_1_163' title='bbox 449 2544 529 2601; x_wconf 88' lang='lat' dir='ltr'>omni</span> <span class='ocrx_word' id='word_1_164' title='bbox 541 2539 676 2621; x_wconf 89' lang='lat' dir='ltr'>scriptura</span> <span class='ocrx_word' id='word_1_165' title='bbox 689 2587 702 2615; x_wconf 17' lang='lat' dir='ltr'>,y</span> <span class='ocrx_word' id='word_1_166' title='bbox 717 2541 749 2600; x_wconf 88' lang='lat'>&amp;</span> <span class='ocrx_word' id='word_1_167' title='bbox 768 2561 804 2600; x_wconf 83' lang='lat' dir='ltr'>ex</span> <span class='ocrx_word' id='word_1_168' title='bbox 818 2539 940 2621; x_wconf 87' lang='lat' dir='ltr'>persona</span> 
     </span>
     <span class='ocr_line' id='line_1_27' title="bbox 254 2620 940 2703; baseline 0 -22"><span class='ocrx_word' id='word_1_169' title='bbox 254 2621 415 2703; x_wconf 80' lang='lat' dir='ltr'>scriptoris,</span> <span class='ocrx_word' id='word_1_170' title='bbox 439 2640 523 2703; x_wconf 90' lang='lat' dir='ltr'>atque</span> <span class='ocrx_word' id='word_1_171' title='bbox 547 2624 579 2680; x_wconf 89' lang='lat' dir='ltr'>iis</span> <span class='ocrx_word' id='word_1_172' title='bbox 600 2623 711 2696; x_wconf 84' lang='lat' dir='ltr'>rebus,</span> <span class='ocrx_word' id='word_1_173' title='bbox 729 2620 940 2703; x_wconf 82' lang='lat' dir='ltr'>quaepersoni&#39;s</span> 
     </span>
     <span class='ocr_line' id='line_1_28' title="bbox 253 2703 756 2776; baseline -0.006 -13"><span class='ocrx_word' id='word_1_174' title='bbox 253 2706 391 2765; x_wconf 82' lang='lat' dir='ltr'>attributae</span> <span class='ocrx_word' id='word_1_175' title='bbox 410 2705 494 2776; x_wconf 87' lang='lat' dir='ltr'>sunt,</span> <span class='ocrx_word' id='word_1_176' title='bbox 513 2703 756 2764; x_wconf 80' lang='lat' dir='ltr'>considerabitur..</span> 
     </span>
    </p>

    <p class='ocr_par' dir='ltr' id='par_1_3' title="bbox 252 2783 1033 3111">
     <span class='ocr_line' id='line_1_29' title="bbox 298 2783 939 2859; baseline 0 -17"><span class='ocrx_word' id='word_1_177' title='bbox 298 2785 362 2844; x_wconf 82' lang='lat'>118.</span> <span class='ocrx_word' id='word_1_178' title='bbox 389 2785 507 2844; x_wconf 87' lang='lat' dir='ltr'>Deinde</span> <span class='ocrx_word' id='word_1_179' title='bbox 535 2789 588 2846; x_wconf 88' lang='lat' dir='ltr'>erit</span> <span class='ocrx_word' id='word_1_180' title='bbox 615 2783 892 2859; x_wconf 83' lang='lat' dir='ltr'>demonstrandum,</span> <span class='ocrx_word' id='word_1_181' title='bbox 917 2789 939 2843; x_wconf 91' lang='lat' dir='ltr'>si</span> 
     </span>
     <span class='ocr_line' id='line_1_30' title="bbox 254 2865 938 2944; baseline 0.001 -23"><span class='ocrx_word' id='word_1_182' title='bbox 254 2867 322 2944; x_wconf 85' lang='lat' dir='ltr'>quid</span> <span class='ocrx_word' id='word_1_183' title='bbox 338 2886 373 2924; x_wconf 86' lang='lat' dir='ltr'>ex</span> <span class='ocrx_word' id='word_1_184' title='bbox 384 2865 443 2944; x_wconf 89' lang='lat' dir='ltr'>ipsa</span> <span class='ocrx_word' id='word_1_185' title='bbox 456 2887 487 2924; x_wconf 88' lang='lat' dir='ltr'>re</span> <span class='ocrx_word' id='word_1_186' title='bbox 502 2866 613 2923; x_wconf 84' lang='lat' dir='ltr'>dabitur</span> <span class='ocrx_word' id='word_1_187' title='bbox 625 2865 762 2925; x_wconf 85' lang='lat' dir='ltr'>facultatis</span> <span class='ocrx_word' id='word_1_188' title='bbox 774 2911 782 2937; x_wconf 86' lang='lat'><strong>‚</strong></span> <span class='ocrx_word' id='word_1_189' title='bbox 796 2866 845 2938; x_wconf 89' lang='lat' dir='ltr'>id,</span> <span class='ocrx_word' id='word_1_190' title='bbox 858 2865 938 2944; x_wconf 90' lang='lat' dir='ltr'>quod</span> 
     </span>
     <span class='ocr_line' id='line_1_31' title="bbox 254 2944 938 3025; baseline -0.001 -23"><span class='ocrx_word' id='word_1_191' title='bbox 254 2944 426 3003; x_wconf 88' lang='lat' dir='ltr'>adversarius</span> <span class='ocrx_word' id='word_1_192' title='bbox 446 2945 609 3025; x_wconf 77' lang='lat' dir='ltr'>intelligat,</span> <span class='ocrx_word' id='word_1_193' title='bbox 632 2947 723 3004; x_wconf 69' lang='lat' dir='ltr'>multi&gt;</span> <span class='ocrx_word' id='word_1_194' title='bbox 743 2948 836 3003; x_wconf 73' lang='lat' dir='ltr'>minus</span> <span class='ocrx_word' id='word_1_195' title='bbox 855 2965 938 3002; x_wconf 50' lang='lat' dir='ltr'>com*—</span> 
     </span>
     <span class='ocr_line' id='line_1_32' title="bbox 252 3018 1033 3111; baseline 0 -26"><span class='ocrx_word' id='word_1_196' title='bbox 252 3025 341 3085; x_wconf 73' lang='lat' dir='ltr'>modd</span> <span class='ocrx_word' id='word_1_197' title='bbox 359 3023 420 3085; x_wconf 85' lang='lat' dir='ltr'>sieri</span> <span class='ocrx_word' id='word_1_198' title='bbox 436 3023 535 3103; x_wconf 76' lang='lat' dir='ltr'>posse,</span> <span class='ocrx_word' id='word_1_199' title='bbox 553 3018 640 3105; x_wconf 70' lang='lat' dir='ltr'>quim</span> <span class='ocrx_word' id='word_1_200' title='bbox 655 3027 705 3099; x_wconf 84' lang='lat' dir='ltr'>id,</span> <span class='ocrx_word' id='word_1_201' title='bbox 724 3024 804 3104; x_wconf 89' lang='lat' dir='ltr'>quod</span> <span class='ocrx_word' id='word_1_202' title='bbox 821 3044 874 3085; x_wconf 89' lang='lat' dir='ltr'>nos</span> <span class='ocrx_word' id='word_1_203' title='bbox 891 3046 947 3085; x_wconf 53' lang='lat' dir='ltr'>aom</span> <span class='ocrx_word' id='word_1_204' title='bbox 962 3090 974 3111; x_wconf 33' lang='grc' dir='ltr'><strong><em>Ι</em></strong></span> <span class='ocrx_word' id='word_1_205' title='bbox 1029 3100 1033 3109; x_wconf 33' lang='grc'>1</span> 
     </span>
    </p>
   </div>
   <div class='ocr_carea' id='block_1_3' title="bbox 0 0 1204 4067">
    <p class='ocr_par' dir='ltr' id='par_1_4' title="bbox 0 0 1204 4067">
     <span class='ocr_line' id='line_1_33' title="bbox 0 0 1204 4067; baseline 0 4"><span class='ocrx_word' id='word_1_206' title='bbox 0 0 1204 4067; x_wconf 95' lang='lat' dir='ltr'> </span> 
     </span>
    </p>
   </div>
  </div>
 </body>
</html>
