2400 4067
313 483 390 574 276
437 484 513 550 Dr
539 484 870 551 Irvrrnrroun

352 616 400 674 74
417 593 449 657 O
471 596 576 656 ortebit
592 597 726 659 adhibere
744 616 902 659 ceterarum
924 619 1004 679 quo-

312 697 367 757 que
388 698 423 735 co
468 680 620 737 'tutionum
633 680 799 753 rationem,
819 697 903 759 atque
922 702 997 759 prae·

313 774 413 838 cepta,
430 779 462 817 ac
476 760 599 818 maxime
617 755 786 838 conjeduris
804 758 941 820 faciendis
955 764 1002 818 in-

312 836 426 898 firmare
440 838 530 913 illud,
545 838 704 920 quodcum
718 860 755 900 eo
767 885 777 914 ,
793 840 874 920 quod
887 843 998 902 crimini

313 918 449 992 dabitur,
469 921 511 993 ii,
530 941 578 1001 qur
597 918 823 994 accusabuntur,
844 942 999 1001 compara-

312 999 396 1063 bunt.
412 997 535 1073 idfiet‚
555 1002 577 1059 si
594 1017 643 1059 aut
662 1000 815 1081 id,quod
833 1000 929 1062 dicent
946 1002 999 1062 de·

312 1078 442 1140 fensores
456 1078 581 1140 futurum
598 1078 698 1154 fuiffe,
714 1084 767 1141 nisi
781 1081 812 1140 id
827 1080 933 1143 fadum
953 1103 999 1144 es-

312 1159 381 1236 set,
402 1182 460 1243 quo
481 1160 517 1223 de
536 1160 612 1222 fado
631 1158 768 1239 judicium
785 1159 851 1237 est,
872 1161 998 1228 futurum

313 1240 392 1304 fuiffe
418 1242 567 1323 negahitur.
585 1263 596 1301 ·.
614 1258 661 1299 aut
683 1243 706 1301 si
726 1240 784 1304 alit.
804 1245 942 1317 ratione,
966 1246 998 1303 &

314 1322 400 1382 aliam
415 1324 453 1382 ob
471 1320 584 1382 causam
595 1368 605 1395 ‚
616 1326 657 1381 'ac
674 1323 747 1381 dicet
761 1322 789 1383 se
806 1344 871 1384 reus
883 1322 998 1399 fecisse,

315 1400 554 1462 demonstrabitur
569 1401 626 1463 effe
645 1402 759 1462 fadum.
783 1402 852 1484 Ejus
867 1408 909 1465 rei
925 1426 999 1464 con.-

313 1481 460 1556 firmatio‚
480 1485 512 1543 &
528 1486 597 1544 item
613 1487 752 1542 contraria
770 1483 805 1543 de
823 1501 907 1563 parte,
917 1484 998 1544 iniir-

314 1567 405 1625 matio
424 1586 460 1625 ex
478 1562 662 1644 conjedurali
683 1561 885 1627 constitutione
904 1563 1000 1625 sunie-

313 1659 369 1705 tur.
387 1644 435 1705 Sin
452 1662 551 1705 autern.
562 1661 640 1707 certo
658 1648 778 1708 nornine
790 1643 923 1706 maleficii
939 1668 1000 1707 vo·

316 1725 424 1785 cabitur
448 1726 478 1783 in
500 1724 666 1803 judicium,
695 1728 764 1783 sicut
788 1727 818 1783 in
840 1725 895 1786 hae
920 1726 999 1789 causa
1065 1726 1068 1730 ’

316 1813 331 1881 (
345 1827 413 1865 narn
429 1804 581 1885 majestatis
595 1804 770 1885 arcessitur)
787 1804 954 1871 definitione
968 1810 1003 1870 ὃ(

316 1884 488 1947 definitionis
502 1888 650 1966 praeceptis
667 1889 707 1945 uti
723 1886 878 1966 oportebit.

313 2025 315 2030 .
358 1966 458 2027 XXV.
474 1967 572 2046 Atque
586 1967 643 2026 hoc
659 1966 774 2045 quidem
789 1967 957 2047 plerumque
971 1970 1001 2027 in

318 2067 424 2129 genere
450 2047 576 2119 accidit,
601 2062 633 2106 ut
656 2045 819 2126 conjetiurd
840 2048 871 2106 &
896 2046 1002 2107 defini-

315 2133 397 2189 tione
416 2128 554 2188 utendum
576 2129 620 2186 sir.
645 2124 694 2185 Sin
711 2127 787 2188 aliud
810 2148 925 2207 quoque
949 2128 1002 2188 ali-

316 2210 398 2290 quod
411 2230 500 2293 genus
513 2208 641 2281 incidet,
658 2205 718 2286 ejus
733 2210 843 2289 generis
857 2226 1005 2289 praecepta,

231 2332 233 2335 v
314 2290 410 2351 licebit
433 2291 489 2351 huc
512 2292 574 2371 pari
598 2291 709 2348 ratione
734 2287 899 2351 transferret
922 2288 1001 2352 Nam

314 2370 470 2431 accusatori
493 2370 617 2430 maxime
644 2366 685 2428 est
709 2370 737 2431 iu
762 2369 818 2429 hoc
843 2369 1001 2433 elaboran-

316 2452 405 2525 dum,
427 2469 458 2510 ut
476 2451 505 2509 id
523 2450 614 2530 ipsum
632 2449 761 2523 fatum,
782 2466 901 2530 propter
919 2452 1000 2531 quod
1064 2471 1068 2477 ’

314 2531 366 2589 sibi
388 2553 452 2591 reus
475 2533 597 2589 concedi
619 2545 699 2608 putat
723 2548 888 2608 oportere,
912 2532 1001 2621 quaint

313 2613 442 2689 plurimis
463 2609 586 2669 infirmet
607 2609 790 2670 rationibus:
814 2611 894 2690 quod
914 2613 1001 2673 iacile

315 2689 379 2763 est,
400 2693 422 2747 si
436 2690 522 2770 quirin
538 2687 927 2769 plurimisconstitutionibus
948 2713 1001 2775 ag,-

260 2831 262 2835 ,
315 2770 458 2851 grediatur
474 2771 503 2828 id
520 2770 696 2849 improbare.

355 2869 405 2930 75.
431 2850 494 2931 Ipsa
514 2869 613 2912 autern,
630 2852 809 2929 comparatio
832 2848 961 2929 separata
985 2876 1003 2913 a

314 2933 417 2992 ceteris
439 2932 595 3013 generibus
618 2934 879 2990 controversiarum
899 2934 940 2991 sic
964 2953 1002 2993 er

312 3008 360 3072 sua
377 3012 407 3071 vi
421 3011 666 3086 considerabitur,
683 3012 709 3073 si
719 3011 787 3073 illud
798 3056 813 3087 ,⁴
823 3010 903 3092 quod
917 3034 1004 3079 coru·

180 3131 370 3341 ’Ὗ
