2400 4067
317 455 611 519 Rntronrca
639 455 743 524 Lrn.
769 457 821 522 II.
873 477 950 549 247

265 570 338 627 mini
354 567 465 632 causam
479 566 556 628 soille
571 567 705 628 faciendi.
723 568 952 648 secundarium,

266 650 291 708 si
308 666 437 723 tantam,
461 665 509 709 aut
526 665 586 710 tarn
604 649 743 710 idoneam
760 651 879 712 nemini.
899 650 955 714 Sin

265 728 347 792 fuisse
360 731 420 792 aliis
431 749 547 811 quoque
559 729 641 790 causa
649 727 773 793 faciendi
786 731 929 794 videbitur
940 754 953 809 ς

264 828 314 870 aut
324 809 449 892 potestas
459 812 520 870 aliis
533 809 650 873 defuiffe
661 809 883 873 demonstranda
892 810 950 889 est,

263 909 312 950 aut
325 891 466 966 facultas,
480 911 528 953 aut
539 892 688 952 voluntas.
702 891 849 967 Potestas,
865 895 888 952 si
901 912 950 958 aut

263 971 400 1046 nescisse,
427 990 477 1033 aut
498 994 558 1034 non
579 971 709 1045 affuille,
735 990 784 1034 aut
805 972 951 1038 conficere

262 1053 370 1135 aliquid
391 1075 452 1114 non
470 1052 591 1135 potuiffe
611 1054 731 1116 dicetur.
750 1050 904 1129 Facultas,
926 1058 950 1118 si

261 1139 357 1209 ratio,
378 1133 545 1214 adjutores,
565 1133 753 1213 adjumenta,
775 1137 808 1196 δι
826 1155 950 1212 cetera,

282 1232 328 1275 uae‘
344 1216 383 1276 ad
405 1237 468 1279 rem
491 1217 701 1297 pertinebunt,
724 1214 841 1278 defuiffe
863 1217 949 1279 alicui

261 1236 544 1357 demonstrabuntur.
564 1296 736 1371 Voluntas,
756 1300 780 1357 si
800 1299 909 1358 animus
930 1321 950 1362 a

260 1376 365 1437 talibus
378 1376 457 1438 factis
471 1399 605 1451 vacuus,
626 1379 780 1460 &integer
792 1376 848 1441 effe
863 1378 950 1440 dice-

259 1473 317 1519 tur.
337 1456 511 1533 Postremi),
533 1480 604 1540 quas
622 1459 659 1518 ad
678 1457 879 1519 defensionem
900 1482 949 1520 ra·

258 1539 355 1601 tiones
367 1561 420 1601 reo
438 1540 594 1612 dabimus,
610 1542 645 1598 iis
662 1538 808 1601 accusator
823 1540 861 1600 ad
873 1541 948 1604 alios

259 1639 296 1680 ex
314 1622 361 1680 cul
383 1644 399 1680 a
417 1621 589 1682 eximendos
612 1621 757 1682 abutetur.
781 1620 895 1681 Verlrm
915 1622 949 1684 id

257 1699 342 1761 brevi
360 1642 526 1763 {ciendum
546 1699 613 1774 est,
641 1702 674 1761 &
695 1703 725 1759 in
744 1722 834 1761 unum
855 1703 949 1766 multa

258 1779 322 1842 sunt
332 1783 539 1856 conducenda,
551 1801 583 1843 ut
593 1803 631 1845 ne
642 1783 756 1843 alterius
767 1781 947 1845 defendendi

257 1864 343 1922 causi
354 1864 430 1924 hunc
447 1862 604 1938 accusare,
625 1863 676 1925 sed
693 1862 777 1944 hujus
797 1864 947 1928 accusandi

256 1945 339 2006 cause
354 1944 513 2007 defendere
526 1945 649 2006 alterum
663 1946 808 2006 videatur.

298 2024 382 2088 VlIl.
395 2026 437 2086 At
459 2047 496 2087 ue
511 2025 667 2088 accusatori
678 2028 797 2107 quidem
809 2026 870 2087 haec
882 2026 946 2091 fere

255 2103 319 2167 sunt
337 2107 367 2167 in
388 2048 471 2168 caula
486 2105 642 2178 facienda,
668 2107 701 2166 δι
721 2108 946 2172 consideranda.

255 2183 405 2249 Defensor
420 2203 519 2246 autem
530 2205 567 2245 ex
583 2188 729 2248 contrario
741 2191 867 2267 primnm
883 2190 947 2250 im..

254 2268 420 2408 {uulsionem
433 2281 482 2323 aut
494 2264 605 2325 nullam
616 2263 696 2325 fuiffe
713 2266 811 2339 dicet,
830 2283 900 2343 aut,
920 2272 946 2332 si

286 2344 336 2407 isse
348 2344 493 2406 concedet
506 2389 515 2417 ,
532 2343 700 2405 extenuabit
713 2389 723 2418 ‚
745 2345 777 2405 δι
790 2345 944 2426 parvulam

256 2424 412 2507 quamdam
426 2422 506 2485 fuisse
521 2421 750 2498 demonstrabit,
770 2443 892 2487 autnon
906 2448 944 2492 ert

256 2526 292 2568 ea
314 2505 407 2569 solere
429 2503 594 2587 hujusmodi
616 2505 698 2566 facie
711 2505 788 2568 nasci
811 2506 943 2573 docebit.

256 2586 329 2667 Quo
341 2592 394 2649 erit
403 2591 433 2648 in
445 2589 512 2648 loco
527 2585 783 2650 demonstrandum
795 2633 805 2664 ,
821 2610 886 2670 quae
897 2592 944 2654 vis

254 2670 287 2730 ὃ(
299 2687 399 2730 natura
412 2668 474 2749 ejus
485 2672 520 2730 sit
537 2668 716 2745 affellionis‚
735 2671 792 2756 qud
805 2670 943 2753 impulsus

253 2751 360 2832 aliquid
376 2771 442 2813 reus
456 2750 628 2812 commisiffe
644 2752 776 2814 dicetur:
791 2754 821 2811 in
832 2775 892 2834 quo
907 2754 940 2815 ὃ(

253 2833 406 2913 exempla,
429 2833 462 2893 δι
476 2833 675 2895 similitudines
688 2850 771 2894 erunt
787 2833 941 2914 proferen-

254 2911 320 2986 dae,
339 2914 369 2972 ὃ(
385 2912 443 2993 ipsa
458 2914 611 2997 diligenter
623 2932 723 2975 natura
736 2911 797 2993 ejus
810 2912 941 2975 affedio·

253 2996 298 3057 nis
307 2992 397 3079 quint
405 2994 550 3057 lenissime
560 2998 768 3135 quietissimanlr
778 2994 814 3089 sd
825 3012 940 3076 partem

788 3097 818 3139 tv
