2400 4067
348 680 409 734 ιι)
424 661 741 732 Ηειιειιιιιιιιιι.
756 663 816 731 IV.
870 672 944 755 135

258 778 303 847 qui
326 782 448 837 audiunt,
472 799 540 829 ιιιιιιιιι
559 795 644 849 putent
666 780 722 848 eligi
743 781 771 829 de
794 777 873 827 uultis
893 793 901 826 :
923 775 947 825 ιε’
1013 822 1022 832 ,

260 853 323 902 dicit
346 854 371 903 in
388 872 488 910 amem,
510 869 536 902 ut
554 869 595 903 aut
616 854 679 902 domi
698 853 778 903 lelluli
790 852 946 915 sternantur,

260 942 305 976 aut
326 927 356 976 ab
374 927 488 977 auunculo
505 943 602 995 rogetur
619 925 760 994 AEtliiops,
782 925 822 992 qui
843 926 874 973 ad
892 922 948 972 bal·

259 1017 318 1050 neas
335 1001 430 1056 teniat,
447 1017 488 1050 aut
502 1001 619 1063 asturconi
633 1001 699 1050 locus
716 1015 772 1050 ante
788 998 870 1061 ollium
880 993 947 1061 seeum

260 1074 347 1130 detur,
367 1091 409 1124 ant
424 1075 521 1141 aliquod
533 1072 624 1144 fragile
636 1069 706 1140 falsu
724 1073 856 1140 choragium
863 1070 948 1139 gloria

258 1162 416 1215 comparetur.
428 1148 525 1197 Deinde
541 1148 678 1204 exclamat,
695 1162 723 1197 ut
738 1164 816 1197 omnes
830 1145 947 1200 audiunt,

260 1217 350 1271 Vudeto
367 1256 377 1277 ‚
395 1238 421 1271 ιι
443 1221 570 1290 diligenter
589 1236 739 1280 numeretur,
757 1220 779 1271 si
794 1218 872 1287 potest
891 1231 948 1266 ante

209 1312 212 1331 ¹
257 1294 356 1344 nollem.
373 1293 456 1351 Puer,
475 1294 514 1361 qui
524 1295 576 1361 jan
591 1294 648 1345 bene
663 1294 764 1345 dominis
779 1308 888 1342 namrant
904 1308 948 1339 no·

209 1394 211 1409 ι
258 1366 320 1425 rie,
344 1367 380 1418 Tu
400 1368 447 1417 ill'o
459 1368 540 1435 plures
559 1368 640 1418 mittas
664 1383 759 1436 oportet
780 1401 788 1426 ‚
809 1365 904 1432 inquit,
925 1363 948 1413 ei

210 1478 212 1485 .
257 1441 328 1490 lodie
346 1441 381 1491 ris
400 1443 590 1492 transnmnerari.
607 1442 677 1510 Age,
696 1442 790 1508 inquit,
811 1441 855 1488 duc
871 1454 946 1488 tecum

257 1513 392 1568 Libanum,
411 1515 435 1564 6·
452 1515 554 1564 Sosim·
573 1515 646 1564 Sani.
662 1515 762 1563 Deinde
780 1509 834 1579 casu
849 1513 948 1561 ueniunt

209 1580 211 1627 ἶ
258 1584 362 1653 dost-ines
376 1588 483 1643 homini,
504 1588 543 1653 qui
562 1587 626 1648 istum
643 1584 787 1653 splendidi,
806 1587 858 1633 dum
875 1602 948 1651 pere-

256 1661 408 1728 grinaretur,
427 1674 572 1727 receperant.
588 1660 630 1708 Ee
642 1676 670 1708 eu
685 1677 710 1708 re
721 1660 788 1707 ltonto
802 1657 878 1706 hercle
886 1654 948 1723 sanc

258 1732 413 1782 conturbatur
430 1750 438 1781 :
450 1729 495 1800 sed
510 1748 588 1781 carrren
604 1751 619 1781 a
635 1732 695 1781 uitio
712 1748 801 1781 nature
816 1749 864 1780 non
880 1747 947 1780 rece-

257 1807 301 1854 dit.
320 1806 387 1855 Bene
408 1842 417 1862 ,
437 1807 539 1872 inquit,
559 1805 665 1871 fimitis,
687 1823 754 1871 quum
774 1804 884 1853 venitis:
901 1801 947 1870 sed

256 1880 338 1928 redids
354 1877 487 1945 Jeeiffetis,
504 1880 525 1928 si
540 1880 622 1927 adme
638 1881 728 1928 domum
743 1878 805 1927 redd
823 1874 946 1941 aliiffctis.

255 1951 288 2000 Id
298 1951 433 2019 ftcissemus
440 1989 450 2008 ‚
464 1953 572 2019 inquiunt
583 1953 625 2000 illi
635 1987 644 2008 ,
661 1953 682 2002 si
691 1954 782 2000 domum
791 1951 945 2001 novissemus.

255 2026 293 2074 At
308 2028 367 2087 iflud
380 2028 470 2092 quidem
483 2026 560 2092 fiucile
572 2025 623 2091 ficit
638 2026 758 2075 undelibet
771 2025 886 2073 inuenire.
898 2022 926 2073 V
922 2041 946 2072 e·

255 2099 305 2148 rum
323 2101 355 2148 iee
371 2118 465 2149 mecum.
482 2100 617 2166 Sequuntur
631 2100 680 2148 illi.
698 2099 781 2148 Sermo
796 2097 887 2146 interea
900 2098 946 2145 lut·

249 2172 290 2239 jus
310 2169 450 2239 consumitur
468 2174 541 2222 omnis
558 2174 583 2221 in
603 2173 766 2235 ostentatione.
788 2171 898 2243 Quaerit,
919 2171 945 2220 in

255 2246 318 2312 agris
341 2243 467 2313 eujusmodi
480 2247 600 2311 frumenta
618 2247 667 2296 sint
685 2263 693 2294 .·
713 2261 806 2313 negat,
823 2242 871 2311 se,
889 2244 946 2310 quia

255 2319 320 2368 uillae
337 2314 434 2384 incensu
452 2319 519 2374 sint,
539 2321 650 2367 accedere
663 2316 748 2384 posse,
764 2336 807 2368 nec
826 2317 944 2385 adificare

255 2392 326 2439 etium
342 2407 402 2438 nunc
421 2392 506 2439 audere
521 2409 531 2447 ‚·
549 2392 642 2438 tametsi
660 2393 684 2439 in
701 2389 833 2456 Tusculano
853 2391 945 2455 quidem

256 2463 315 2526 capi
331 2458 451 2525 insanire,
471 2461 494 2508 δ’
510 2462 535 2508 in
550 2458 631 2525 iisdem
642 2460 801 2525 fiindaotentis
817 2464 860 2510 edi
880 2480 943 2512 carc.

294 2533 341 2582 Ll.
361 2533 428 2581 Dunt
448 2534 495 2580 ltac
517 2532 644 2597 loquitur,
665 2533 730 2581 uenit
751 2533 776 2580 in
797 2535 855 2581 edes
875 2531 946 2598 quas-

256 2607 328 2662 dam,
350 2606 374 2655 in
397 2605 480 2671 quibus
492 2600 632 2670 sodalitium
653 2620 704 2652 erat
725 2605 803 2653 eodem
823 2606 860 2653 die
873 2604 946 2668 futu-

254 2699 304 2729 rum
322 2697 330 2729 :
349 2679 394 2746 qul
412 2679 453 2740 isle
466 2697 511 2745 pro
528 2678 617 2726 notitia
634 2678 722 2726 domini
739 2678 820 2726 adium
839 2678 945 2745 ingredi·

255 2770 295 2802 tur
312 2772 362 2802 curn
378 2750 515 2819 hospitibus.
535 2751 604 2807 Hic,
623 2752 717 2818 iuquit,
736 2751 827 2802 habito.
848 2747 945 2818 Perspi-

256 2827 289 2875 eit
310 2842 446 2894 argentum,
464 2827 527 2892 quod
545 2841 596 2874 erat
617 2827 769 2895 expositum,
789 2826 845 2874 visit
862 2826 945 2875 tricli-

253 2901 315 2948 nium
326 2902 445 2961 stratum,
460 2901 555 2966 probat.
568 2900 670 2949 Accedit
682 2897 788 2966 seruulus
803 2917 810 2948 :
827 2899 885 2948 dicit
896 2901 944 2949 lto-

254 2974 310 3021 mini
322 2973 385 3022 clari
398 3008 404 3027 ‚
419 2975 534 3022 dominum
545 2973 596 3035 jun
607 2990 727 3022 tentanum
739 3009 747 3029 ,
764 2975 785 3022 si
795 2974 854 3022 velit
866 2974 943 3026 exire.

254 3045 323 3092 Itane
335 3046 433 3110 inquit?
446 3047 532 3095 Eamus
545 3044 646 3113 hospites
658 3066 667 3105 3
675 3047 755 3113 frutcr
768 3048 834 3095 uenit
847 3065 876 3095 ex
893 3047 946 3096 Sa·

254 3117 321 3165 lerno
341 3134 349 3165 .·
368 3136 409 3184 ego
428 3119 466 3166 illi
484 3120 576 3168 obuiam
590 3139 686 3188 pergam
703 3138 710 3168 :
729 3139 771 3168 uos
787 3121 829 3167 ltuc
846 3119 943 3168 decumd

254 3189 369 3243 venitote.
384 3189 497 3259 Hospites
513 3190 641 3260 diftedunt.
653 3193 698 3256 Ille
710 3191 738 3261 se
753 3193 838 3258 ruptim
851 3194 944 3242 dont-um
