2400 4067
436 477 762 548 Orurourffi.
859 498 933 571 343

253 609 329 654 m.
345 591 417 652 Non
427 591 502 652 sani.
520 593 598 652 Nam
608 594 773 654 auditorum
782 613 862 652 autes
871 615 938 651 mt-

254 676 393 736 derantur
404 677 514 740 oratori
525 674 676 755 prudenti,
690 675 725 733 &
737 673 884 755 provid03
902 675 936 734 &

255 754 339 839 quod
354 753 510 836 respuunt,
532 755 745 814 immutandum
757 751 812 815 est.

267 892 269 896 .
304 835 348 896 16.
369 834 523 896 F1u1us.
548 834 673 916 Expone
692 836 850 916 deinceps,
871 855 940 916 que

255 918 344 987 insius
364 919 524 990 orationis,
549 917 768 999 verbonrmque
791 933 938 997 praeceptn

255 990 335 1057 sunt.
358 995 478 1057 Pnrrn.
499 996 600 1056 Unum
617 1000 701 1080 igitur
713 1018 804 1080 genus
817 994 938 1057 estelo-

257 1077 367 1158 quendi
385 1077 433 1137 sui
452 1077 556 1158 sponte
576 1075 695 1138 fusum:
723 1079 845 1138 altemm
866 1098 939 1138 ver-

259 1180 343 1231 sum,
356 1175 444 1241 atque
454 1176 605 1220 mutatum.
622 1158 716 1220 Prima
725 1163 770 1221 vis
782 1159 862 1219 estin
871 1160 939 1218 sim·

258 1239 381 1320 plicibus
403 1240 528 1301 verbis:
557 1242 587 1299 in
613 1238 774 1321 conjundis
798 1238 936 1301 secunda·

257 1319 405 1400 Simplicia
434 1321 610 1382 invenienda
634 1321 725 1381 sunt:
755 1318 910 1400 conjunsta
925 1367 938 1394 ,

257 1399 431 1460 collocanda
441 1400 515 1461 sunt.
536 1400 722 1481 Etsimpiicia
731 1402 939 1482 verbapartim

258 1483 357 1542 nativa
377 1479 463 1556 sunt,
483 1483 589 1563 partim
604 1503 636 1542 re
658 1500 730 1542 erta.
757 1481 864 1541 Nativa
883 1503 940 1555 ea,

240 1565 361 1644 ‘quasi
382 1560 495 1622 nificata
507 1505 672 1623 timtsendr.
701 1562 747 1622 Re
769 1579 852 1634 etta,
872 1582 938 1642 quae

257 1660 297 1707 ex
308 1642 352 1702 his
395 1642 440 1703 &a
456 1642 542 1715 sunt,
561 1645 596 1703 &
609 1660 722 1704 novata
737 1659 786 1701 aut
802 1642 938 1701 similitu-

258 1723 346 1796 dine,
363 1741 411 1783 aut
424 1725 606 1796 imitatione,
624 1743 674 1784 aut
689 1723 865 1798 inflexione,
887 1740 938 1783 aut

256 1801 625 1885 adjundtioneverborum.

304 1903 350 1962 ¹7·
359 1884 604 1967 Atqueetiamest
612 1886 675 1945 haec
684 1883 824 1946 distinffio
833 1887 863 1944 in
870 1905 939 1946 ver·

254 1965 322 2039 bis3
342 1967 452 2040 altera,
471 1967 598 2027 natura:
620 1967 812 2040 nudatione,
835 1967 938 2029 altera.

256 2044 390 2120 Nattua,
407 2063 440 2106 ut
458 2049 514 2107 sint
531 2048 586 2108 alia
606 2047 846 2121 consonantiora,
869 2069 939 2130 grn-

256 2128 341 2190 viom
352 2175 362 2203 ,
375 2128 504 2203 leniora,
524 2130 557 2188 δ’(
570 2129 699 2211 quodam
712 2129 804 2189 modo
817 2130 939 2189 nitidio-

258 2230 308 2271 ra:
323 2211 379 2271 alia
390 2210 502 2270 contri.
521 2208 709 2270 Traditione
722 2227 836 2282 autem,
846 2231 938 2290 quum

257 2307 308 2351 out
319 2292 439 2373 propria
450 2288 597 2349 sumuntur
608 2310 705 2351 rerum
715 2289 878 2360 vocabula,
889 2308 939 2350 aut

256 2372 356 2433 addita
374 2372 412 2432 ad
432 2391 565 2443 nomen,
584 2388 633 2430 aut
642 2391 742 2440 nova,
760 2385 809 2427 aut
825 2366 940 2449 prisca,

259 2471 308 2514 tut
318 2455 355 2513 ab
367 2471 487 2514 oratore
499 2450 685 2524 modificata,
700 2451 734 2510 &
745 2449 852 2509 inflexa
863 2470 941 2530 quo-

258 2533 328 2594 dam
343 2533 456 2595 modo:
475 2534 570 2616 qualia
585 2531 648 2592 sunt
662 2552 716 2606 ea,
733 2551 799 2612 quae
811 2529 940 2591 transfe-

256 2632 378 2689 runtur,
400 2632 448 2676 aut
467 2616 675 2687 immutantur,
695 2629 743 2672 aut
761 2632 817 2684 ea,
835 2613 938 2696 quibus

257 2712 406 2775 tamquam
425 2696 589 2769 abutimur,
609 2714 658 2755 aut
676 2715 731 2767 ea,
752 2714 815 2776 quae
835 2693 940 2754 obscu-

258 2795 376 2845 ramus,
394 2796 458 2854 quae
470 2777 675 2837 incredibiliter
686 2775 835 2843 tollimus,
857 2794 939 2854 qure-

259 2873 319 2944 que
328 2854 497 2927 mirabilius,
511 2857 598 2943 quim
610 2855 748 2915 sermonis
758 2853 940 2914 consuetudo

260 2949 385 3015 patrmr,
396 2952 543 2992 ornamus.

300 3009 357 3074 VI.
374 3009 500 3073 Ftuus.
515 3013 624 3074 Habeo
637 3012 673 3073 de
684 3012 861 3152 ‘imffjidbffi
872 3030 941 3075 ver-

786 3095 816 3153 iv
