2400 4067
384 477 434 548 82
493 477 1007 548 Rubronrconvnr-

381 597 554 660 admonuerit,
573 597 600 649 dt
614 597 703 649 leviter
717 595 806 648 iecerit
819 594 983 665 preceptio,
1008 615 1068 652 exer

380 673 448 741 plo,
468 671 533 724 sicut
546 671 703 731 testimonio,
722 672 906 738 comprobatur.
926 669 992 721 Nou
1011 671 1068 740 igitu

382 745 498 798 ridiculus
514 746 564 806 sit,
583 746 604 798 si
619 746 672 813 quic
685 745 710 796 in
725 745 788 806 lite,
804 756 847 796 aut
858 744 884 797 in
897 743 1022 811 judicio,
1044 745 1068 795 dc

382 819 485 872 mesticis
498 819 640 870 testimoniis
655 831 766 888 pugnet,
784 818 811 870 δι
823 817 858 870 sui
871 817 951 885 ipsius
967 819 1068 870 abutatu

383 891 518 960 exemplo?
535 892 572 942 Ut
588 894 653 943 enim
667 892 848 951 testimonium,
864 890 899 943 sic
917 893 1066 959 exemplum

382 969 421 1020 rei
433 966 603 1019 confirmandae
619 966 693 1018 causi
705 966 813 1017 sumitur.
828 967 888 1017 Non
898 981 965 1034 ergo
981 976 1068 1034 oporte

382 1042 452 1101 hoc,
472 1040 518 1091 nisi
532 1058 547 1090 a
562 1040 733 1107 probatissimo
750 1040 832 1100 sumi,
850 1054 883 1091 ne
894 1044 910 1099 ,ἶ
926 1040 1002 1108 quod
1020 1040 1068 1092 aliu

383 1114 528 1166 confirmare
549 1114 660 1175 debeat,
684 1126 758 1183 egeat
776 1113 852 1181 ipsunt
873 1111 1068 1167 confirmationi

382 1189 481 1241 Etenim
496 1187 593 1240 necesse
609 1188 661 1248 est,
680 1200 722 1239 aut
737 1189 761 1239 se
775 1188 886 1239 omnibus
902 1198 1064 1255 anteponant

383 1263 411 1315 ἃ
427 1261 468 1313 sua
482 1259 585 1313 marini
602 1252 729 1329 prob'ent3
749 1274 792 1313 aut
808 1272 902 1330 negent
918 1263 1019 1328 optima
1038 1261 1068 1314 ed

383 1337 519 1403 exempla,
542 1353 596 1403 quae
617 1352 631 1386 a
654 1335 828 1404 probatissimis
849 1336 1022 1394 oratoribus,
1045 1352 1068 1387 nu

381 1410 464 1480 poetis
484 1410 576 1478 sumpta
597 1409 660 1461 sunt.
682 1409 708 1461 Si
727 1408 751 1460 le
769 1409 879 1460 omnibus
897 1421 1060 1476 anteponent

382 1483 531 1543 intolerabili
550 1483 688 1551 arrogantii
705 1483 769 1536 sunt.
791 1483 899 1550 Siquos
918 1482 971 1533 sibi
990 1497 1068 1550 praept

382 1569 460 1616 nant,
482 1557 605 1610 &eorum
616 1559 727 1624 exempla
738 1556 785 1607 suis
796 1555 914 1623 exemplu
924 1571 982 1606 non
995 1568 1068 1623 puter

381 1629 516 1700 praellare,
534 1646 585 1682 non
599 1629 696 1700 poliunt
711 1628 795 1682 dicere
810 1645 884 1699 quare
899 1628 950 1681 sibi
966 1629 1029 1684 illoc
1041 1647 1068 1682 eu

380 1716 408 1757 te
426 1717 512 1757 onant.

408 1721 455 1829 1>ll.
466 1776 534 1842 Quid
543 1775 618 1846 igitur
627 1776 676 1843 ipsa
686 1774 815 1826 tutioritar
826 1773 1012 1841 antiquorum?
1024 1777 1068 1830 litt

381 1867 457 1919 quum
467 1866 508 1901 res
521 1850 718 1916 probabiliores,
736 1860 788 1900 turn
803 1849 928 1898 hominum
940 1849 1042 1912 studia,
1055 1868 1068 1901 ι

381 1923 524 1975 imitandum
540 1922 658 1973 alacriora
674 1921 775 1972 reddit:
789 1921 862 1971 immo
879 1921 958 1990 erigit
977 1924 1068 1976 ornniur

382 1997 547 2063 cupiditates,
567 1994 671 2048 &acuit
685 1993 840 2053 industriam,
858 2011 933 2061 quum
951 1995 1012 2064 spes
1024 1995 1068 2065 injt

382 2068 421 2121 ila
431 2069 482 2130 est,
499 2068 565 2136 polle
576 2067 710 2127 imitando,
728 2064 837 2118 Gracchi
848 2100 857 2126 ‚
870 2081 913 2116 aut
924 2066 1017 2123 Crassi
1025 2086 1068 2121 con

381 2143 450 2211 sequi
464 2143 616 2194 facultatem.
634 2137 758 2192 Postremi
768 2141 816 2191 hoc
827 2138 902 2205 ipsum
913 2139 949 2191 eil
967 2142 1068 2195 sumtum

381 2215 527 2277 artificium,
544 2233 584 2267 res
600 2215 679 2267 varias
699 2215 725 2266 δι
742 2213 845 2283 dispares
861 2212 885 2262 in
902 2224 943 2264 tot
961 2213 1068 2282 point

382 2289 577 2344 &orationibus
594 2286 703 2358 sparsas,
720 2288 746 2340 δι
761 2287 823 2358 uugi
840 2285 953 2355 disjeiltu
967 2323 977 2350 ,
993 2291 1031 2344 ita
1047 2291 1068 2343 di

381 2364 489 2435 ligenter
507 2366 622 2434 eligere,
641 2376 670 2416 ut
687 2363 875 2430 unumquodque
896 2377 978 2430 genus
997 2381 1068 2417 exem

380 2441 479 2508 plorum
498 2439 540 2490 sub
558 2440 667 2508 singulos
685 2437 742 2488 artis
763 2439 833 2489 locos
850 2433 972 2501 subjicere
992 2439 1068 2506 porris

382 2511 441 2563 Hoc
451 2513 472 2563 si
483 2511 594 2562 industrii
605 2509 681 2562 soltirn
695 2509 748 2561 fieri
759 2509 836 2577 poffet
849 2545 859 2568 ,
877 2520 961 2561 tamen
978 2512 1068 2564 effemn

381 2584 515 2642 laudandi,
535 2601 609 2652 quum
626 2585 701 2635 talem
719 2584 828 2634 laborem
847 2601 897 2635 non
916 2583 1062 2653 iugiss'ernus

382 2673 449 2710 nunc
466 2655 528 2708 verti
546 2657 598 2708 sine
616 2656 708 2708 summo
726 2656 830 2709 artificio
849 2675 899 2708 non
917 2657 1001 2724 potest
1021 2658 1068 2712 fiet

382 2728 448 2796 Quis
462 2729 496 2782 est
512 2731 596 2789 enirn,
617 2731 677 2799 qui,
692 2747 742 2781 non
754 2730 842 2783 summi
851 2749 924 2799 quum
938 2743 1068 2786 teneatur

383 2816 452 2864 cern,
467 2804 543 2872 possit
555 2820 602 2867 ea,
616 2823 669 2871 quae
682 2803 766 2872 jubeat
775 2823 831 2865 ars,
847 2807 975 2866 decanta,
994 2808 1023 2860 δι
1032 2821 1068 2859 tan

383 2878 465 2931 diffusa
477 2877 592 2945 scriptura
602 2891 704 2938 notare,
715 2879 741 2930 δι
751 2880 860 2946 separare
869 2878 879 2930 i
891 2879 996 2942 Ceteri,
1006 2899 1068 2951 quur

383 2955 468 3024 legunt
478 2953 601 3004 orationes
611 2954 687 3005 bonas
702 2965 744 3003 aut
759 2955 889 3020 poimata,
905 2955 1015 3021 probant
1028 2973 1068 3007 ora

383 3040 472 3104 tores,
487 3024 627 3099 &po'c’tas‚
642 3043 723 3101 neque
732 3026 891 3101 intelligunt,
905 3028 954 3101 qua
963 3045 994 3086 re
1012 3046 1068 3088 con
