2400 4067
253 680 304 770 64
353 679 829 749 Rnrronrcouurr

250 798 353 849 hominis
367 797 467 848 maxime
484 797 666 855 consideratur,
685 797 733 846 isle
748 809 857 863 quatuor
868 794 952 850 animi

249 872 354 922 virtutes
369 887 441 922 erunt
454 870 681 921 accommodandae:
693 885 739 929 ut,
757 870 778 920 si
789 871 946 932 laudemus.

249 945 313 993 aliud
330 943 408 1010 justi,
426 946 490 996 aliud
506 945 622 1003 sortiter,
641 943 706 994 aliud
724 942 854 1005 modeste,
875 945 946 996 aliud

248 1017 381 1084 prudenter
393 1019 478 1068 fauum
494 1017 542 1068 esse
556 1017 662 1067 dicamus
673 1034 680 1068 :
693 1017 730 1068 sin
743 1017 918 1083 vituperemus
935 1046 945 1080 p

248 1106 263 1140 e
275 1091 415 1150 contrario,
428 1093 492 1141 aliud
503 1090 604 1156 injuste,
621 1091 686 1141 aliud
696 1089 801 1160 ignavi,
816 1091 885 1142 aliud
899 1093 944 1142 im·

248 1163 374 1226 modesti,
388 1165 452 1214 aliud
466 1165 536 1216 stulti
546 1165 634 1215 fastum
650 1163 696 1215 effe
707 1165 825 1214 dicamus.
843 1163 945 1233 Perspi-

248 1254 320 1288 cuum
331 1237 364 1288 est
377 1237 425 1305 jam
438 1239 548 1290 nimirum
559 1256 590 1291 ex
599 1239 645 1289 hac
656 1237 832 1305 dispositione,
853 1256 946 1306 quem·

248 1311 377 1362 admodum
391 1313 424 1362 sit
438 1313 559 1363 tratianda
575 1312 695 1379 tripartita
712 1310 797 1362 divisio
814 1312 898 1364 laudis
915 1313 942 1364 ἀ

247 1385 431 1451 vituperationis
444 1421 451 1446 ,
466 1387 486 1438 si
500 1387 560 1437 iilud
571 1387 645 1436 etiam
659 1384 870 1451 affumpserimus5
890 1403 943 1438 non

248 1457 344 1509 necesse
355 1459 402 1511 esse
413 1477 458 1511 nos
473 1477 557 1512 omnes
571 1460 614 1509 has
630 1470 711 1526 partes
722 1459 746 1508 in
762 1457 878 1518 laudem,
897 1474 944 1512 aut

247 1532 451 1599 vituperationem
470 1533 625 1593 transferre,
641 1544 772 1600 propterea
789 1529 858 1599 qudd
875 1532 942 1601 saepd

248 1623 280 1656 ne
295 1607 404 1658 incidunt
420 1609 537 1676 quidem:
551 1605 615 1674 saepe
631 1606 664 1658 ita
680 1605 788 1656 tenuiter
803 1605 920 1659 incidunt
933 1642 941 1668 ‚

248 1695 276 1732 ut
293 1697 342 1730 non
353 1681 551 1733 sint'neress'ariae
563 1681 635 1731 disiu.
652 1678 810 1747 Quapropter
827 1696 872 1731 eas
882 1699 944 1749 por-

248 1764 308 1813 tes,
328 1773 381 1821 quae
393 1755 532 1807 firmissima
547 1755 712 1812 videbuntur,
731 1754 816 1820 legere
834 1767 944 1820 oportee

248 1827 291 1877 bit.
312 1827 515 1881 Conclusionibus
534 1827 647 1879 brevibus
667 1838 786 1887 utemur,
807 1843 945 1879 enumera·

248 1900 316 1952 tione
334 1903 364 1952 ad
379 1904 469 1954 exitum
486 1903 561 1952 causae
575 1917 583 1950 ι
597 1901 622 1949 in
639 1899 687 1966 ipsa
708 1899 776 1949 causa
795 1902 898 1953 crebras
917 1903 946 1955 dt

249 1975 338 2024 breves
365 1975 563 2042 amplificationes
588 1973 770 2040 interponemus
793 1989 840 2040 per
868 1976 946 2028 loros

250 2064 399 2100 communes.
414 2051 468 2101 Nec
482 2049 529 2098 hoc
546 2062 622 2114 genus
639 2047 735 2104 catrsae,
752 2043 783 2097 ed
799 2045 872 2114 qudd
881 2050 946 2103 rard

249 2123 338 2172 accidit
355 2124 379 2172 in
396 2123 467 2180 vita,
491 2117 652 2187 negligentiis
672 2120 876 2174 considerandum
897 2125 945 2175 esis

249 2196 338 2263 Neque
354 2187 418 2246 enim
427 2195 451 2244 id
463 2227 471 2253 ‚
490 2193 554 2261 quod
564 2192 644 2260 potest
653 2194 767 2244 accidere
778 2200 787 2251 ,’
804 2207 832 2245 ut
849 2196 946 2250 facien,

251 2269 308 2318 dum
324 2271 355 2319 sit
372 2267 522 2334 aliquando,
542 2283 592 2318 non
610 2280 710 2334 oportet
727 2269 792 2317 velle
808 2273 887 2333 quim
903 2289 948 2322 ar.

250 2340 468 2393 commodatissime
478 2341 544 2409 posse
554 2342 648 2392 facere.
659 2341 706 2400 Et,
720 2341 741 2390 si
750 2339 882 2406 separatim
892 2346 946 2397 ime

250 2415 320 2466 causa
337 2412 413 2465 minuis
424 2413 485 2482 saep'e
498 2415 630 2475 traftatur3
650 2428 675 2466 at
689 2415 716 2464 in
727 2414 903 2481 judiciaiibus,
919 2420 948 2471 dr

250 2489 275 2537 in
292 2488 453 2540 deliberativis
471 2490 551 2542 causis
560 2490 623 2556 saepe
637 2507 729 2559 magnae
745 2500 828 2555 partes
845 2492 950 2544 vermu-

251 2575 291 2613 rur
303 2564 397 2623 laudis,
414 2577 456 2614 aut
470 2564 675 2631 vituperationis:
688 2579 762 2630 quare
776 2563 801 2613 iu
817 2565 868 2614 hor
884 2585 946 2634 quoe

250 2655 300 2704 que
317 2655 407 2706 genere
425 2639 500 2690 cause
516 2638 625 2690 nonnihil
642 2637 758 2708 industrie
775 2638 946 2691 consummant·

252 2712 309 2760 dum
329 2724 448 2777 putamus.
471 2713 563 2770 Nunc,
583 2710 692 2760 absoluti
710 2710 782 2759 nobis.
800 2709 946 2764 difficillimi

251 2795 321 2850 parte
336 2784 486 2841 rhetoricas,
503 2786 551 2834 hoc
565 2782 616 2842 est,
635 2784 776 2833 inventione
792 2787 921 2851 perpoliri
936 2821 943 2846 ‚

252 2868 328 2924 atque
340 2857 372 2906 ad
384 2874 456 2907 omne
472 2858 639 2925 causae-genus
654 2857 837 2908 accommodati
849 2893 863 2918 ,
878 2873 947 2911 em.

252 2947 298 2997 pus
310 2930 343 2979 est
352 2931 383 2980 ad
394 2943 488 2982 ceteras
497 2942 578 2998 partes
590 2929 717 2998 proficisci.
731 2929 863 2999 Deinceps.
870 2934 952 3003 igitur

253 3004 285 3054 de
299 3004 456 3072 dispositione
467 3006 584 3056 dicemus.

290 3077 338 3128 IX.
355 3077 478 3143 Quoniam
487 3077 672 3146 dispositiones,
683 3095 728 3144 per
737 3095 806 3146 quam
817 3079 859 3130 ilia
870 3115 879 3141 ,
891 3100 948 3150 φιτ

253 3151 407 3213 invenimus,
423 3153 447 3203 in
459 3153 567 3203 ordinem
582 3152 730 3220 redigimus,
748 3166 775 3202 ut
790 3165 862 3204 certo
876 3157 949 3222 quid»

254 3241 301 3293 que
318 3227 374 3283 ioco
388 3227 561 3300 prontmtietur
574 3225 724 3280 :videndum
737 3225 791 3287 est,
808 3227 955 3296 cujusmodi
