2400 4067
305 496 597 558 Rrrrronrcn
628 490 729 556 Lrn.
756 482 810 556 II.
862 509 939 582 297

253 606 353 666 bando
377 607 500 680 dicitur,
520 625 609 687 quum
632 602 669 662 ad
692 623 758 663 eam
782 602 940 664 didlionem

253 686 458 747 sententiarum
468 706 586 768 quoque
597 685 671 744 ratio
682 683 939 758 accommodetur,

252 767 284 826 id
296 789 375 840 non,
391 771 414 827 si
427 788 480 848 per
492 766 640 828 sententiae
657 764 816 825 didionem
828 767 941 846 agitur,

254 848 478 909 deliberativum
490 847 549 908 est:
564 847 613 907 sed
628 849 694 926 quia
706 846 745 906 de
755 847 875 906 homine
888 843 943 904 sta·
974 881 977 885 -

251 931 363 1003 ruitur,
384 929 520 1009 judiciale
541 926 582 990 est
604 927 782 989 habendum.
804 925 940 987 Omnino

253 1029 352 1070 autern
375 1014 423 1090 qui
452 1010 605 1094 diligenter
633 1011 765 1068 oninium
793 1007 941 1067 causarum

252 1092 315 1151 vim
329 1091 361 1149 &
375 1111 507 1151 naturam
521 1093 713 1173 cognoverit,
727 1110 817 1171 quum
830 1109 945 1170 genere

252 1172 380 1252 primo,
409 1191 472 1232 turn
496 1175 582 1233 etiam
604 1169 699 1230 fornii
723 1191 771 1230 eas
797 1169 943 1251 intelliget
994 1243 996 1247 Α

254 1252 392 1312 dissidere
407 1274 414 1311 ε
430 1255 533 1314 ceteris
545 1269 642 1313 autern
654 1252 781 1332 partibus
794 1268 874 1331 aptas
891 1253 945 1308 in·-

252 1350 298 1392 ter
315 1332 344 1393 se
359 1355 484 1407 omnes,
509 1335 542 1394 &
559 1335 644 1393 aliam
661 1336 691 1392 in
711 1333 795 1391 aliam
807 1331 943 1412 implica-2

252 1431 314 1472 tant
328 1413 451 1474 videbit.

299 1513 364 1553 111.
394 1493 481 1554 Nunc
504 1493 540 1554 de
561 1495 690 1575 praemiis
709 1493 943 1553 consideremus„

254 1574 289 1634 L.
311 1575 435 1634 Licinius
454 1572 568 1635 Crailus
581 1573 680 1635 consul
694 1573 832 1654 quosdam
850 1577 879 1633 in
898 1578 946 1633 ci·

253 1657 362 1716 teriore
377 1655 475 1716 Gallia
489 1701 498 1730 ,
512 1655 592 1715 nullo
610 1654 727 1729 illustri,
744 1675 839 1736 neque
856 1652 943 1716 certo²

254 1736 353 1810 duce,
374 1757 469 1818 neque
489 1737 688 1810 eonomine,
711 1757 807 1818 neque
825 1757 863 1797 eo
883 1759 940 1796 nu·-

253 1837 337 1876 mero
351 1819 507 1897 praeditos,
529 1834 560 1876 ut
579 1817 659 1898 digni
673 1814 761 1877 ellent
775 1819 824 1899 qui
841 1816 939 1878 hostes

252 1898 354 1978 populi
369 1898 497 1958 Rotnani
515 1896 571 1959 elle
592 1899 755 1959 dicerentur
770 1920 779 1971 ;
799 1900 877 1981 quod
895 1917 947 1959 ta·-

252 2000 321 2038 men
336 1979 574 2050 excursionibus,
592 1980 624 2038 &
638 1979 793 2040 latrociniis
807 1978 944 2041 infestam·

252 2063 434 2140 provinciam
458 2060 617 2121 redderent
631 2106 644 2133 ‚.
667 2061 846 2121 consedatus
874 2059 914 2121 est
933 2108 949 2136 ‚.

255 2142 288 2200 &
311 2141 438 2200 confecit
456 2141 609 2199 :Romam
628 2140 713 2201 rediit
732 2163 739 2200 ε
760 2142 944 2222 triumphum.

253 2223 290 2280 ab
305 2221 403 2280 senatu
415 2219 551 2300 postulat.
571 2220 629 2278 Hic
644 2263 653 2291 ‚
676 2239 708 2279 ut
731 2221 763 2280 &
777 2223 807 2280 in
830 2221 946 2301 depre'*

253 2303 395 2374 catione,
414 2299 484 2357 nihil
503 2299 540 2357 ad
559 2319 614 2357 nos
632 2303 759 2372 attinet,
780 2298 947 2360 rationibus.

255 2384 287 2441 &
305 2380 544 2439 infirmationibus
557 2381 702 2437 rationum
719 2378 950 2458 supponendis„

254 2462 291 2519 ad
320 2459 528 2539 judicationem
561 2461 716 2541 pervenire
746 2479 755 2531 3
780 2477 939 2540 propterea

254 2543 355 2623 quod,
376 2544 429 2600 nisi
448 2541 502 2600 alia
525 2559 643 2621 quoque
666 2538 774 2600 incidet
801 2539 947 2601 constitu-⁴

255 2627 321 2696 tio,
337 2639 386 2681 aut
405 2644 470 2703 pars
488 2621 720 2695 constitutionis,
740 2623 863 2702 simplex
886 2627 940 2682 erit

252 2701 414 2784 judicatio,
434 2704 509 2764 &in
528 2701 684 2784 quaestione
701 2700 761 2842 ipsa
775 2705 950 2763 continebi-·

252 2803 308 2843 tur.
327 2785 361 2843 In
381 2785 611 2863 deprecatione,
630 2781 700 2864 hu'Ju
710 2785 793 2843 modi
812 2806 818 2843 :
838 2783 954 2863 opor-3

254 2882 352 2922 teatne
372 2864 461 2943 poend
482 2864 580 2924 affici:
599 2869 627 2923 in
651 2866 727 2939 hac,
749 2863 912 2943 hujusmodi
931 2886 946 2922 :2

255 2943 443 3023 Oporteatne
459 2950 609 3023 praemium
627 2945 697 3004 dari.
718 2945 802 3004 Nunc
818 2943 854 3003 ad
868 2965 950 3024 prae·-

254 3027 306 3084 rnii
326 3022 515 3106 quaestionem
534 3027 683 3105 appositos
701 3024 950 3163 locopqexponu-

257 3128 337 3167 ntus.
820 3127 840 3168 u

1002 3042 1068 3183 r
