2400 4067
308 504 603 571 uarrorrcr
632 501 735 569 Lru.
757 503 813 570 II.
865 502 936 572 261

249 637 317 676 non
331 632 469 696 poterunt
483 615 607 686 ornate,
628 615 661 676 &
675 617 821 697 graviter,
840 634 942 696 quern·

252 697 417 779 admodum
438 715 538 755 natura
557 694 685 776 ipsorum
707 694 862 756 desiderat.
883 694 943 753 Ar·

251 799 315 860 que
332 780 390 837 hoc
409 780 444 836 sit
461 777 547 836 nobis
565 775 672 840 dissum
691 777 885 836 communiter
904 774 942 834 de

253 860 340 926 omni
377 876 464 918 enere
481 858 614 918 locorum
631 859 839 919 communium.

298 879 383 998 XVi.
404 937 491 998 Nunc
511 959 717 1019 exponemus,
740 941 770 998 in
793 932 943 1016 conjesiu-

253 1020 349 1080 talem
369 1018 605 1080 constitutionem
624 1021 673 1102 qui
691 1021 751 1081 loci
772 1037 942 1079 communes

253 1100 385 1161 incidere
398 1099 509 1161 soleant
522 1122 529 1160 :
544 1100 748 1182 suspicionibus
761 1099 839 1160 credi
851 1119 944 1178 opor-

256 1198 343 1255 tere,
367 1181 399 1240 δι
420 1203 481 1242 non
499 1200 639 1263 oportere
656 1205 664 1242 τ
681 1181 843 1243 rumoribus
864 1178 944 1238 credi

256 1280 420 1343 oportere,
436 1265 468 1323 &
482 1284 543 1322 non
556 1281 696 1344 oportere
711 1285 719 1323 ι
733 1261 849 1323 testibus
863 1259 943 1319 credi
1008 1274 1012 1286 ·

257 1361 421 1423 oportere,
439 1343 472 1404 &
485 1365 547 1403 non
562 1361 724 1426 oportere:
740 1339 944 1424 quaestionibus

258 1423 340 1484 credi
360 1441 523 1505 oportere,
546 1424 579 1485 &
596 1446 658 1484 non
679 1440 838 1504 oportere:
853 1423 945 1482 vitam

258 1505 328 1564 ante
338 1503 430 1564 asiam
439 1503 559 1585 spestari
568 1522 727 1586 oportere,
745 1504 947 1582 &nonopor·

259 1602 324 1646 rere
342 1583 496 1663 :ejusdem
515 1583 592 1661 effe,
614 1588 663 1668 qui
680 1588 710 1644 in
727 1585 775 1644 illa
789 1604 820 1644 re
839 1603 947 1664 pecca-

258 1669 319 1739 rit,
339 1665 441 1726 &hoc
454 1687 570 1747 quoque
585 1664 748 1738 admisisse,
769 1665 800 1725 ὃ(
814 1684 874 1724 non
889 1659 946 1722 esse

261 1744 392 1828 ejusdem
408 1748 561 1825 tumaxime
581 1746 700 1829 spesiari
722 1745 833 1806 causam
852 1760 946 1824 opor*-

260 1844 345 1901 tere,
366 1828 399 1887 &
411 1849 471 1888 non
483 1847 633 1910 oportere.
648 1828 748 1910 Atque
759 1828 790 1886 hi
805 1825 946 1908 quidem,

262 1909 296 1969 &
314 1910 337 1968 si
353 1910 402 1990 qui
421 1908 562 1989 ejusmodi
579 1931 616 1972 ex
632 1914 752 1990 proprio
772 1924 946 1990 argumento

261 2009 433 2057 communes
454 1991 512 2051 loci
532 1991 709 2065 nascentur,
736 1992 766 2050 in
789 1989 946 2049 contrarias

260 2089 358 2154 partes
372 2069 552 2131 diducentur.

309 2170 355 2233 5¹·
373 2149 479 2212 Certus
494 2169 592 2212 autem
605 2151 687 2210 locus
703 2149 744 2210 est
758 2146 948 2221 accusatoris,

263 2251 416 2315 perquem
426 2246 512 2310 auget
522 2230 800 2300 fastiatrocitatem3
817 2231 849 2289 &
859 2229 947 2300 alter,

237 2313 239 2319 '
264 2332 319 2394 per
377 2331 425 2369 em
442 2325 530 2390 negat
549 2310 694 2369 malorum
710 2309 836 2368 misereri
855 2328 950 2388 opor·

265 2411 340 2452 tere.
391 2386 551 2462 esensoris‚
568 2410 622 2469 per
639 2409 727 2470 quern
745 2387 886 2448 calumnia
900 2408 951 2446 ac-

269 2471 430 2530 cusatorum
456 2491 523 2529 cum
545 2470 744 2552 indignatione
768 2466 951 2540 ostenditur3

270 2553 303 2612 &
318 2571 369 2631 per
384 2571 472 2632 quem
486 2573 550 2611 curn
568 2549 776 2632 conquestione
790 2547 953 2609 misericor-

270 2633 316 2692 dia
326 2649 467 2712 captatur.
482 2632 523 2691 Hi
537 2633 568 2692 ὃ(
581 2635 670 2693 ceteri
683 2652 787 2692 omnes
797 2630 856 2689 loci
868 2651 952 2690 com-

270 2733 372 2775 munes
384 2734 419 2772 ex
430 2712 529 2773 iisdem
539 2716 689 2794 praeceptis
699 2712 846 2772 sumuntur
858 2756 867 2782 ,
884 2712 952 2793 qui·

270 2795 325 2853 bus
340 2810 445 2854 ceterae
463 2797 750 2874 argumentationes:
767 2793 816 2854 sed
834 2792 888 2851 illae
906 2810 953 2851 te-

272 2876 377 2943 nuius,
394 2875 426 2931 &
442 2876 569 2948 acutius,
588 2877 621 2934 &
633 2874 758 2934 subtilius
773 2872 952 2944 trasiantur3

272 2954 303 3012 hi
324 2970 420 3011 autem
438 2956 572 3034 gravius,
592 2956 624 3014 &
644 2957 794 3026 ornatius,
815 2956 954 3031 &quum

271 3035 390 3108 uerbis,
405 3051 466 3094 rum
480 3034 567 3094 etiarn
578 3034 724 3096 sententiis
736 3034 953 3096 excellentibus.
