2400 4067
433 389 723 458 Topzci
840 413 916 490 ὓς

240 505 392 568 sanffitas:
417 506 517 578 tertia,
537 499 655 582 justitia,
673 518 722 563 aut
733 506 849 586 aequitas
860 530 920 571 no-

239 604 376 650 minatur.
846 612 848 617 ·

282 666 399 729 XXIV.
419 662 469 726 De
485 664 638 746 proposito
650 659 713 724 satis
724 665 827 726 multa:
841 667 923 731 dein-

239 770 311 831 ceps
325 749 363 810 de
376 745 457 806 causa
469 747 605 825 pauciora
618 742 739 805 dicenda
752 745 825 807 sunt.
857 748 923 813 Ple-

240 830 429 968 raqueTeoin}
441 824 539 919 suotai
552 845 618 883 cum
630 828 780 967 propoaiitso
790 849 923 921 comnin-

239 933 327 1064 iiiiii,
343 921 924 1072 dreliibililattigiiilsliiaiffiiiigfflsiiuqiioiuffi

241 1072 316 1134 fines
331 1072 386 1151 ipsi
405 1068 568 1141 declarant,
588 1065 689 1148 quibus
700 1069 923 1135 utendumlocis

242 1157 287 1213 sit.
313 1150 392 1211 Nam
402 1146 498 1228 judicii
510 1145 573 1207 finis
586 1146 628 1208 est
639 1146 701 1228 jus:
717 1166 753 1209 ex
762 1171 821 1233 quo
835 1156 922 1216 etiam

242 1252 363 1295 nomen.
393 1229 465 1291 Iuris
479 1246 576 1289 autem
609 1244 755 1290 artesium
768 1237 923 1314 expositae,

243 1334 335 1397 quum
342 1311 491 1395 aequitatis.
511 1248 925 1387 Deliiemndifinigutilitas:

242 1393 327 1474 cujus
338 1393 383 1452 hae
393 1408 506 1474 partes,
520 1409 586 1471 quae
602 1389 695 1450 modo
708 1395 864 1472 exposita,
878 1415 926 1456 re·

242 1497 309 1537 rum
319 1472 556 1555 expetendarum.
580 1469 764 1530 Laudationis
772 1471 856 1550 finis,
870 1475 926 1538 ho-

243 1554 355 1617 nestas:
372 1554 409 1615 de
458 1554 553 1612 aitem
563 1548 606 1610 est
615 1551 679 1610 anti
693 1550 810 1614 distum.

276 1655 337 1716 92.
353 1572 547 1695 δεάῗεῆηὶτεε
561 1629 731 1711 quaestiones
747 1654 763 1692 a
778 1631 831 1694 suis
844 1655 926 1718 quae-

243 1736 302 1799 que
320 1716 413 1789 locis,
431 1715 509 1797 qnasi
547 1713 668 1792 ropriis,
686 1710 880 1793 instituuntur,
895 1721 928 1779 iii

245 1793 502 1868 accusationem‚d
570 1795 868 1877 sionemquepartitae.
890 1799 924 1861 ln

243 1877 347 1962 quibus
363 1873 499 1938 exsistunt
516 1876 577 1936 haec
591 1894 716 1957 genera,
735 1894 767 1936 ut
781 1879 927 1942 accusator

244 1957 399 2044 personam
421 1971 522 2039 arguat
543 1954 634 2014 faffi:
662 1952 796 2016 defensor
818 1956 926 2041 aliquid

246 2053 381 2122 opponat
397 2036 434 2097 de
449 2035 559 2119 aribus:
582 2048 630 2091 aut
646 2052 707 2092 non
724 2033 780 2096 effe
798 2037 927 2114 fastumg

245 2136 297 2182 aut
317 2120 340 2176 si
359 2118 394 2174 sit
412 2113 537 2185 istium,
554 2111 632 2170 aliud
647 2110 710 2190 ejus
729 2112 795 2172 faai
815 2136 926 2178 nomen

245 2197 304 2263 esse
316 2219 325 2271 ;
339 2211 386 2255 aut
395 2191 458 2272 jure
470 2189 527 2252 ess'e
539 2187 655 2250 fastum.
681 2189 780 2272 Itaque
795 2210 843 2254 aut
859 2194 926 2256 infi-

245 2282 320 2342 tialis
335 2323 344 2351 ‚
366 2290 414 2334 aut
429 2269 626 2352 conjefiuralis
640 2271 732 2351 prima
746 2273 925 2353 appelletur:

247 2357 421 2428 definitiva,
442 2352 553 2414 altera:
579 2351 681 2422 tertia,
702 2355 834 2432 quamvis
855 2374 926 2418 moi·

246 2437 351 2503 lestum
377 2455 487 2496 nomen
511 2433 568 2493 hoc
590 2433 650 2506 sit,
678 2429 842 2512 juridicialis
864 2459 925 2501 vo·

248 2538 339 2583 cetur.

289 2619 339 2682 93.
358 2598 471 2658 Harum
486 2592 631 2656 causarum
644 2595 760 2675 propria
773 2617 803 2656 ar
842 2618 927 2660 men·

247 2702 279 2743 ta
296 2702 332 2741 ex
344 2680 377 2736 iis
394 2677 505 2757 sumpta
524 2676 616 2748 locis,
634 2695 707 2754 quos
723 2697 758 2736 ex
781 2616 926 2753 fimus,

248 2767 279 2821 in
297 2760 445 2840 praceptis
461 2756 590 2816 oratoriis
605 2754 746 2835 explicata
758 2697 830 2817 iuni.
862 2759 927 2820 Re-

248 2841 353 2902 futatio
369 2852 465 2897 autem
478 2833 680 2907 accusationis,
697 2837 726 2894 in
745 2858 800 2916 qua
818 2836 859 2897 est
874 2839 926 2899 de-

251 2922 345 3008 pulsio
359 2918 497 2991 criminis‚
515 2935 577 2995 quae
595 2911 699 2975 Graeco
713 2915 792 2981 edm
809 2917 926 2995 dicitur,

706 2991 766 3053 Tii
