2400 4067
570 585 700 638 AD
735 567 1269 639 HERENNIUM
1299 572 1375 639 L.
1405 572 1552 643 IV..
1637 594 1784 670 139

375 690 821 740 exuberationem
841 724 856 748 ,
887 688 1154 755 ambiguum
1179 723 1193 747 ,
1240 690 1629 756 consequentiam
1650 727 1665 752 ,
1694 696 1787 743 ab-

284 764 322 832 f·
381 762 699 813 scissionem
724 797 739 823 ‚
788 764 1166 814 similitudinem.
1220 763 1312 813 Per
1347 766 1740 816 exuberationem
1765 801 1785 826 2

381 852 560 903 quum
594 839 702 902 plus
736 836 906 886 distum
941 835 1040 894 est,
1080 839 1219 902 quam
1251 838 1427 903 patitur
1458 839 1672 897 veritas,
1702 856 1785 889 au·

310 1048 332 1063 '⁸-

285 1264 340 1299 ,ηιξ

316 1416 341 1426 —

314 1428 344 1447 Ι.

286 1509 348 1643 'ii

298 910 585 979 ‘'gendae
615 910 888 977 suspicionis
918 927 1062 959 causa
1080 943 1097 967 ‚
1124 910 1235 959 sie.
1274 910 1373 960 Hic
1396 912 1451 960 de
1472 925 1607 960 tanto
1623 913 1785 980 patri-

321 991 330 1003 '
379 983 567 1032 monio
609 998 704 1032 tam
744 982 840 1033 εἱιὸ
887 984 1048 1045 testam
1075 1017 1091 1037 ‚
1145 984 1236 1049 qud
1277 982 1367 1032 sibi
1403 1000 1541 1051 petat
1588 986 1737 1053 ignem
1761 1020 1783 1043 ,

285 1066 333 1077 “·
383 1072 500 1105 non
531 1056 750 1140 reliquit.
796 1056 889 1107 Per
927 1057 1194 1121 ambiguum
1228 1091 1244 1115 ‚
1280 1074 1422 1124 quum
1456 1060 1656 1108 verbum
1696 1078 1784 1146 po-

284 1120 338 1223 Ξ·
381 1128 492 1179 test
529 1130 580 1178 in
614 1130 731 1179 duas
766 1130 988 1195 pluresve
1024 1131 1284 1179 sententias
1317 1130 1505 1197 accipi,
1544 1132 1624 1181 sed
1657 1136 1785 1183 acci·

385 1202 533 1271 pitur
573 1202 620 1251 in
664 1220 768 1253 eam
803 1215 988 1268 partem
1013 1236 1027 1260 ,
1065 1219 1205 1269 quam
1239 1204 1391 1253 vult
1378 1222 1419 1253 ις
1440 1239 1455 1263 ,
1499 1206 1577 1271 qui
1619 1206 1779 1259 dixit:

387 1286 452 1327 ut
483 1275 544 1325 de
577 1292 642 1325 eo
673 1278 714 1325 si
744 1276 908 1334 dicas,
943 1276 1024 1342 qui
1053 1277 1225 1324 multas
1256 1277 1551 1329 hereditates
1572 1280 1782 1341 adierit,

335 1344 631 1417 'Prosp1‘ce
662 1363 747 1405 tu,
786 1350 864 1415 qui
891 1349 1140 1417 plurimum
1174 1351 1342 1399 cernis.

475 1423 638 1475 LIV.
679 1423 914 1491 Ambigua
956 1423 1356 1489 quemadmodum
1390 1424 1585 1474 vitanda
1624 1427 1729 1475 sunt
1756 1460 1775 1486 ,

326 1509 509 1563 “quae
543 1496 792 1547 obscuram
821 1496 1032 1545 reddunt
1064 1496 1374 1554 orationem,
1412 1497 1477 1545 ita
1515 1499 1617 1547 haec
1653 1518 1777 1548 con-

397 1570 679 1637 sequenda,
716 1586 820 1637 quae
857 1568 1122 1619 connciunt
1155 1568 1427 1633 hujusmodi
1442 1570 1777 1653 significatio-

294 1655 308 1665 ·
343 1674 349 1683 ·
399 1658 533 1693 nem.
569 1642 638 1693 Ea
661 1644 970 1708 reperientur
999 1642 1141 1691 facile
1165 1676 1181 1696 ,
1216 1643 1255 1690 si
1285 1642 1559 1693 noverimus
1586 1646 1633 1695 &
1668 1647 1771 1694 ani-

286 1725 342 2261 nutiliuglh'*

398 1716 799 1767 madverterimus
843 1718 1105 1765 verborum
1142 1716 1376 1780 ancipites
1418 1729 1499 1764 aut
1541 1719 1779 1783 multipli-

399 1804 482 1839 ces
509 1789 791 1855 potestates.
825 1788 918 1841 Per
949 1789 1342 1854 consequentiam
1375 1788 1657 1855 significatio
1687 1790 1775 1851 fit,

398 1878 543 1928 quum
576 1880 687 1921 res,
739 1880 846 1929 quae
884 1864 1146 1929 sequuntur
1183 1863 1387 1927 aliquam
1420 1880 1521 1911 rem
1548 1898 1564 1922 ‚
1601 1865 1773 1914 dicun-

396 1946 477 1986 tur
498 1970 513 1994 ,
548 1953 612 1987 ex
645 1935 813 2001 quibus
846 1949 948 1984 tota
974 1952 1051 1985 res
1083 1937 1372 2001 relinquitur
1400 1937 1446 1987 in
1476 1936 1773 2002 suspicione,

397 2022 452 2059 ut
480 2010 519 2059 si
552 2009 886 2058 salsamentarii
917 2008 1016 2058 filio
1052 2009 1181 2057 dicas
1220 2026 1233 2058 ε
1279 2006 1479 2082 Quiesce
1513 2025 1561 2059 tu
1585 2047 1601 2067 ‚
1643 2012 1771 2075 cujus

391 2097 536 2153 pater
573 2081 730 2133 cubito
760 2079 817 2149 se
854 2099 1092 2150 emungere
1125 2079 1335 2149 solebat.
1381 2083 1474 2132 Per
1513 2086 1774 2135 abscissio-

396 2172 506 2204 nem
530 2189 543 2213 ,
582 2157 621 2203 si
647 2189 662 2214 ,
697 2173 840 2222 quum
870 2156 1120 2220 incipimus
1152 2156 1333 2223 aliquid
1367 2158 1528 2207 dicere
1549 2191 1563 2216 ,
1602 2160 1767 2223 praeci-

399 2228 551 2276 dimus
578 2260 592 2284 ,
630 2228 680 2275 δι
714 2244 774 2277 ex
808 2244 869 2279 eo
895 2261 910 2285 ,
951 2229 1084 2293 quod
1117 2227 1212 2292 jam
1254 2229 1455 2278 diximus
1480 2263 1496 2287 ,
1542 2232 1650 2282 satis
1686 2250 1767 2282 re-

395 2300 480 2349 liu
470 2300 633 2363 luitur
655 2298 933 2363 suspicionis
956 2332 970 2356 ,
1002 2300 1112 2351 sic:
1143 2300 1243 2371 Qui
1264 2300 1522 2367 istasorma
1554 2304 1600 2352 ὃ·
1628 2319 1765 2356 atate

399 2388 550 2435 nuper
580 2369 747 2421 aliena
784 2370 938 2419 domui
970 2404 1028 2420 ...
1055 2370 1170 2423 nolo
1199 2370 1344 2440 plura
1376 2374 1545 2425 dicere
1576 2376 1671 2427 Per
1703 2380 1766 2429 si-

399 2443 759 2500 militudinem,
799 2458 942 2508 quum
974 2443 1131 2509 aliqua
1165 2459 1219 2493 re
1257 2444 1397 2494 simili
1426 2446 1605 2506 auara,
1648 2450 1771 2505 nibil

397 2514 598 2582 amplius
641 2516 840 2566 dicimus
864 2550 878 2575 ,
924 2515 1004 2565 sed
1044 2533 1106 2565 ex
1147 2533 1209 2566 ea
1248 2516 1851 2587 significamusssqffl*

395 2590 648 2645 sentiamus
672 2622 686 2647 ,
720 2590 814 2639 hoc
847 2590 1031 2639 modo·
1060 2590 1219 2647 Noli,
1250 2590 1539 2653 sartamine,
1579 2613 1583 2614 ⁷

389 2663 563 2735 populi
587 2660 866 2730 frequentia
888 2660 1043 2729 fretus
1077 2660 1203 2731 effe:
1232 2664 1379 2714 ὶηιιῖἑὲ
1399 2662 1596 2730 jam*

393 2738 483 2787 chi.
533 2736 652 2787 Haec
701 2736 956 2787 exornatio
997 2735 1253 2803 plurimum
1299 2738 1566 2799 festivita

391 2810 665 2868 interdum,
707 2810 757 2859 δε
787 2810 1068 2877 dignitatis.
1093 2811 1209 2863 sinit
1232 2814 1363 2862 enim
1397 2831 1411 2854 ··
1429 2837 1444 2860 .·
1459 2814 1472 2828 ¹
1503 2816 1527 2866 :3-

391 2885 491 2935 citu
524 2895 720 2932 oratore
746 2915 759 2939 ,
793 2883 943 2950 ipsum
975 2884 1245 2935 auditorem
1271 2882 1514 2944 [ΕΓ-’τῖες

466 2954 554 3003 68.
597 2954 814 3003 Brevitas
851 2954 918 3005 est
951 2973 1032 3007 res
1074 2958 1186 3023 ipsis
1222 2969 1363 3010 tant«.
1392 2977 1411 3002 τη
1435 2973 1459 2999 π
1492 3004 1511 3018 ,,

393 3026 662 3079 necessariis
696 3028 922 3093 expedita
944 3062 958 3086 ,
985 3030 1081 3079 hoc
1113 3030 1261 3079 modo
1287 3046 1303 3082 Ξ
1327 3030 1415 3082 1.]-
1436 3039 1474 3071 ’ἴ

390 3104 488 3155 icus
537 3099 661 3169 ces-it
697 3114 713 3147 .·
750 3099 870 3157 inde,
909 3100 1052 3153 Thasi
1077 3101 1347 3175 prasiditm
