<?xml version="1.0" encoding="UTF-8"?>
<!DOCTYPE html PUBLIC "-//W3C//DTD XHTML 1.0 Transitional//EN"
    "http://www.w3.org/TR/xhtml1/DTD/xhtml1-transitional.dtd">
<html xmlns="http://www.w3.org/1999/xhtml" xml:lang="en" lang="en">
 <head>
  <title>
</title>
<meta http-equiv="Content-Type" content="text/html;charset=utf-8" />
  <meta name='ocr-system' content='tesseract 3.04.00' />
  <meta name='ocr-capabilities' content='ocr_page ocr_carea ocr_par ocr_line ocrx_word'/>
</head>
<body>
  <div class='ocr_page' id='page_1' title='image "./mtulliiciceroni01lallgoog_0412.png"; bbox 0 0 2400 4067; ppageno 0'>
   <div class='ocr_carea' id='block_1_1' title="bbox 346 472 831 571">
    <p class='ocr_par' dir='ltr' id='par_1_1' title="bbox 346 472 831 571">
     <span class='ocr_line' id='line_1_1' title="bbox 346 472 831 571; baseline -0.014 -20"><span class='ocrx_word' id='word_1_1' title='bbox 346 479 425 571; x_wconf 54' lang='lat'>4&amp;</span> <span class='ocrx_word' id='word_1_2' title='bbox 535 472 831 546; x_wconf 61' lang='lat' dir='ltr'>Turrem</span> 
     </span>
    </p>
   </div>
   <div class='ocr_carea' id='block_1_2' title="bbox 346 583 1030 3142">
    <p class='ocr_par' dir='ltr' id='par_1_2' title="bbox 346 583 1030 3142">
     <span class='ocr_line' id='line_1_2' title="bbox 346 583 1025 671; baseline -0.004 -19"><span class='ocrx_word' id='word_1_3' title='bbox 346 589 612 665; x_wconf 71' lang='lat' dir='ltr'>senatusconsultis,</span> <span class='ocrx_word' id='word_1_4' title='bbox 632 590 718 651; x_wconf 89' lang='lat' dir='ltr'>rebus</span> <span class='ocrx_word' id='word_1_5' title='bbox 736 587 896 668; x_wconf 77' lang='lat' dir='ltr'>judicatis,</span> <span class='ocrx_word' id='word_1_6' title='bbox 916 583 1025 671; x_wconf 78' lang='lat' dir='ltr'>jurispe-</span> 
     </span>
     <span class='ocr_line' id='line_1_3' title="bbox 349 666 1026 746; baseline -0.006 -13"><span class='ocrx_word' id='word_1_7' title='bbox 349 676 473 733; x_wconf 84' lang='lat' dir='ltr'>ritorum</span> <span class='ocrx_word' id='word_1_8' title='bbox 485 671 672 746; x_wconf 63' lang='lat' dir='ltr'>auctoritate,</span> <span class='ocrx_word' id='word_1_9' title='bbox 687 669 788 730; x_wconf 74' lang='lat' dir='ltr'>ediffis</span> <span class='ocrx_word' id='word_1_10' title='bbox 801 690 851 729; x_wconf 85' lang='lat' dir='ltr'>ma</span> <span class='ocrx_word' id='word_1_11' title='bbox 864 666 1026 742; x_wconf 71' lang='lat' dir='ltr'>istratum,</span> 
     </span>
     <span class='ocr_line' id='line_1_4' title="bbox 351 749 1027 832; baseline -0.004 -19"><span class='ocrx_word' id='word_1_12' title='bbox 351 773 457 827; x_wconf 88' lang='lat' dir='ltr'>more,</span> <span class='ocrx_word' id='word_1_13' title='bbox 487 756 621 832; x_wconf 82' lang='lat' dir='ltr'>aequitate</span> <span class='ocrx_word' id='word_1_14' title='bbox 653 749 796 811; x_wconf 87' lang='lat' dir='ltr'>consistat.</span> <span class='ocrx_word' id='word_1_15' title='bbox 881 752 1027 811; x_wconf 79' lang='lat' dir='ltr'>ivisiouurn</span> 
     </span>
     <span class='ocr_line' id='line_1_5' title="bbox 351 818 1027 912; baseline -0.006 -18"><span class='ocrx_word' id='word_1_16' title='bbox 351 833 450 894; x_wconf 73' lang='lat' dir='ltr'>sutem</span> <span class='ocrx_word' id='word_1_17' title='bbox 466 818 726 893; x_wconf 69' lang='lat' dir='ltr'>definitio⁶forrrms</span> <span class='ocrx_word' id='word_1_18' title='bbox 741 849 849 890; x_wconf 87' lang='lat' dir='ltr'>omnes</span> <span class='ocrx_word' id='word_1_19' title='bbox 868 829 1027 912; x_wconf 74' lang='lat' dir='ltr'>compleffi·</span> 
     </span>
     <span class='ocr_line' id='line_1_6' title="bbox 350 909 1029 995; baseline -0.004 -22"><span class='ocrx_word' id='word_1_20' title='bbox 350 929 414 988; x_wconf 78' lang='lat' dir='ltr'>tur,</span> <span class='ocrx_word' id='word_1_21' title='bbox 445 934 489 972; x_wconf 82' lang='lat' dir='ltr'>uae</span> <span class='ocrx_word' id='word_1_22' title='bbox 500 911 550 971; x_wconf 88' lang='lat' dir='ltr'>sub</span> <span class='ocrx_word' id='word_1_23' title='bbox 567 934 605 973; x_wconf 89' lang='lat' dir='ltr'>eo</span> <span class='ocrx_word' id='word_1_24' title='bbox 622 931 729 995; x_wconf 84' lang='lat' dir='ltr'>genere</span> <span class='ocrx_word' id='word_1_25' title='bbox 748 910 812 971; x_wconf 85' lang='lat' dir='ltr'>sunt</span> <span class='ocrx_word' id='word_1_26' title='bbox 822 954 832 984; x_wconf 92' lang='lat'>,</span> <span class='ocrx_word' id='word_1_27' title='bbox 844 911 933 992; x_wconf 90' lang='lat' dir='ltr'>quod</span> <span class='ocrx_word' id='word_1_28' title='bbox 944 909 1029 972; x_wconf 85' lang='lat' dir='ltr'>defini·</span> 
     </span>
     <span class='ocr_line' id='line_1_7' title="bbox 351 935 1028 1070; baseline -0.006 -16"><span class='ocrx_word' id='word_1_29' title='bbox 351 935 490 1068; x_wconf 52' lang='lat' dir='ltr'>nimime</span> <span class='ocrx_word' id='word_1_30' title='bbox 501 993 614 1052; x_wconf 87' lang='lat' dir='ltr'>modo:</span> <span class='ocrx_word' id='word_1_31' title='bbox 634 992 823 1052; x_wconf 83' lang='lat' dir='ltr'>Abalienatio</span> <span class='ocrx_word' id='word_1_32' title='bbox 843 989 889 1051; x_wconf 84' lang='lat' dir='ltr'>est</span> <span class='ocrx_word' id='word_1_33' title='bbox 898 988 960 1070; x_wconf 86' lang='lat' dir='ltr'>ejus</span> <span class='ocrx_word' id='word_1_34' title='bbox 974 994 1028 1063; x_wconf 84' lang='lat' dir='ltr'>rei,</span> 
     </span>
     <span class='ocr_line' id='line_1_8' title="bbox 353 1071 1028 1155; baseline -0.006 -21"><span class='ocrx_word' id='word_1_35' title='bbox 353 1095 417 1155; x_wconf 87' lang='lat' dir='ltr'>quae</span> <span class='ocrx_word' id='word_1_36' title='bbox 429 1075 554 1154; x_wconf 84' lang='lat' dir='ltr'>mancipi</span> <span class='ocrx_word' id='word_1_37' title='bbox 569 1072 631 1146; x_wconf 84' lang='lat' dir='ltr'>est,</span> <span class='ocrx_word' id='word_1_38' title='bbox 651 1089 702 1132; x_wconf 81' lang='lat' dir='ltr'>aut</span> <span class='ocrx_word' id='word_1_39' title='bbox 711 1071 830 1130; x_wconf 87' lang='lat' dir='ltr'>traditio</span> <span class='ocrx_word' id='word_1_40' title='bbox 842 1071 930 1133; x_wconf 81' lang='lat' dir='ltr'>alteri</span> <span class='ocrx_word' id='word_1_41' title='bbox 944 1092 1028 1144; x_wconf 86' lang='lat' dir='ltr'>nexu,</span> 
     </span>
     <span class='ocr_line' id='line_1_9' title="bbox 353 1149 1029 1233; baseline -0.001 -20"><span class='ocrx_word' id='word_1_42' title='bbox 353 1172 402 1213; x_wconf 79' lang='lat' dir='ltr'>sut</span> <span class='ocrx_word' id='word_1_43' title='bbox 412 1157 440 1212; x_wconf 93' lang='lat' dir='ltr'>in</span> <span class='ocrx_word' id='word_1_44' title='bbox 455 1151 518 1232; x_wconf 86' lang='lat' dir='ltr'>jure</span> <span class='ocrx_word' id='word_1_45' title='bbox 528 1156 641 1226; x_wconf 87' lang='lat' dir='ltr'>cessio,</span> <span class='ocrx_word' id='word_1_46' title='bbox 660 1155 735 1212; x_wconf 90' lang='lat' dir='ltr'>inter</span> <span class='ocrx_word' id='word_1_47' title='bbox 745 1172 821 1232; x_wconf 89' lang='lat' dir='ltr'>quos</span> <span class='ocrx_word' id='word_1_48' title='bbox 833 1171 871 1212; x_wconf 84' lang='lat' dir='ltr'>ea</span> <span class='ocrx_word' id='word_1_49' title='bbox 883 1149 948 1233; x_wconf 88' lang='lat' dir='ltr'>jure</span> <span class='ocrx_word' id='word_1_50' title='bbox 963 1152 1029 1214; x_wconf 80' lang='lat' dir='ltr'>civili</span> 
     </span>
     <span class='ocr_line' id='line_1_10' title="bbox 352 1232 550 1294; baseline -0.01 0"><span class='ocrx_word' id='word_1_51' title='bbox 352 1233 415 1294; x_wconf 83' lang='lat' dir='ltr'>fieri</span> <span class='ocrx_word' id='word_1_52' title='bbox 446 1232 550 1293; x_wconf 85' lang='lat' dir='ltr'>offuut.</span> 
     </span>
     <span class='ocr_line' id='line_1_11' title="bbox 376 1256 1028 1385; baseline -0.002 -12"><span class='ocrx_word' id='word_1_53' title='bbox 376 1256 450 1373; x_wconf 68' lang='lat' dir='ltr'>-Vi</span> <span class='ocrx_word' id='word_1_54' title='bbox 471 1310 544 1374; x_wconf 86' lang='lat' dir='ltr'><strong>Sunt</strong></span> <span class='ocrx_word' id='word_1_55' title='bbox 561 1313 593 1374; x_wconf 87' lang='lat'>&amp;</span> <span class='ocrx_word' id='word_1_56' title='bbox 609 1312 663 1372; x_wconf 85' lang='lat' dir='ltr'>alia</span> <span class='ocrx_word' id='word_1_57' title='bbox 702 1331 791 1374; x_wconf 80' lang='lat' dir='ltr'>enesa</span> <span class='ocrx_word' id='word_1_58' title='bbox 808 1310 1028 1385; x_wconf 65' lang='lat' dir='ltr'>definitionum</span> 
     </span>
     <span class='ocr_line' id='line_1_12' title="bbox 350 1333 1030 1475; baseline -0.001 -22"><span class='ocrx_word' id='word_1_59' title='bbox 350 1391 402 1454; x_wconf 86' lang='lat' dir='ltr'>sed</span> <span class='ocrx_word' id='word_1_60' title='bbox 419 1394 456 1453; x_wconf 88' lang='lat' dir='ltr'>ad</span> <span class='ocrx_word' id='word_1_61' title='bbox 472 1391 556 1473; x_wconf 83' lang='lat' dir='ltr'>hujus</span> <span class='ocrx_word' id='word_1_62' title='bbox 570 1395 635 1452; x_wconf 90' lang='lat' dir='ltr'>libri</span> <span class='ocrx_word' id='word_1_63' title='bbox 651 1333 810 1452; x_wconf 57' lang='lat' dir='ltr'>iniimtum</span> <span class='ocrx_word' id='word_1_64' title='bbox 824 1393 875 1452; x_wconf 77' lang='lat' dir='ltr'>illa</span> <span class='ocrx_word' id='word_1_65' title='bbox 892 1394 963 1454; x_wconf 90' lang='lat' dir='ltr'>nihil</span> <span class='ocrx_word' id='word_1_66' title='bbox 977 1414 1030 1475; x_wconf 86' lang='lat' dir='ltr'>per·</span> 
     </span>
     <span class='ocr_line' id='line_1_13' title="bbox 351 1472 1029 1555; baseline 0.003 -22"><span class='ocrx_word' id='word_1_67' title='bbox 351 1477 445 1535; x_wconf 87' lang='lat' dir='ltr'>tinent</span> <span class='ocrx_word' id='word_1_68' title='bbox 457 1487 472 1532; x_wconf 72' lang='grc' dir='ltr'>τ’</span> <span class='ocrx_word' id='word_1_69' title='bbox 483 1477 597 1534; x_wconf 78' lang='lat' dir='ltr'>tantum</span> <span class='ocrx_word' id='word_1_70' title='bbox 615 1472 655 1534; x_wconf 86' lang='lat' dir='ltr'>est</span> <span class='ocrx_word' id='word_1_71' title='bbox 668 1473 852 1546; x_wconf 86' lang='lat' dir='ltr'>dicendum,</span> <span class='ocrx_word' id='word_1_72' title='bbox 867 1477 918 1555; x_wconf 92' lang='lat' dir='ltr'>qui</span> <span class='ocrx_word' id='word_1_73' title='bbox 936 1478 972 1535; x_wconf 86' lang='lat' dir='ltr'>sit</span> <span class='ocrx_word' id='word_1_74' title='bbox 986 1475 1029 1534; x_wconf 89' lang='lat' dir='ltr'>de·</span> 
     </span>
     <span class='ocr_line' id='line_1_14' title="bbox 352 1553 1028 1635; baseline 0.001 -22"><span class='ocrx_word' id='word_1_75' title='bbox 352 1553 489 1635; x_wconf 80' lang='lat' dir='ltr'>finitionis</span> <span class='ocrx_word' id='word_1_76' title='bbox 506 1555 621 1613; x_wconf 82' lang='lat' dir='ltr'>modus.</span> <span class='ocrx_word' id='word_1_77' title='bbox 649 1553 694 1612; x_wconf 81' lang='lat' dir='ltr'>Sic</span> <span class='ocrx_word' id='word_1_78' title='bbox 708 1556 794 1634; x_wconf 85' lang='lat' dir='ltr'>igitur</span> <span class='ocrx_word' id='word_1_79' title='bbox 807 1571 929 1621; x_wconf 71' lang='lat' dir='ltr'>veteres</span> <span class='ocrx_word' id='word_1_80' title='bbox 963 1557 1028 1614; x_wconf 85' lang='lat' dir='ltr'>raeci·</span> 
     </span>
     <span class='ocr_line' id='line_1_15' title="bbox 352 1633 1026 1716; baseline 0 -22"><span class='ocrx_word' id='word_1_81' title='bbox 352 1638 456 1715; x_wconf 82' lang='lat' dir='ltr'>piunt3</span> <span class='ocrx_word' id='word_1_82' title='bbox 482 1657 570 1716; x_wconf 91' lang='lat' dir='ltr'>quum</span> <span class='ocrx_word' id='word_1_83' title='bbox 591 1633 741 1714; x_wconf 88' lang='lat' dir='ltr'>sumpseris</span> <span class='ocrx_word' id='word_1_84' title='bbox 761 1654 818 1708; x_wconf 86' lang='lat' dir='ltr'>ea,</span> <span class='ocrx_word' id='word_1_85' title='bbox 863 1657 883 1694; x_wconf 92' lang='lat' dir='ltr'>u</span> <span class='ocrx_word' id='word_1_86' title='bbox 941 1637 1026 1694; x_wconf 88' lang='lat' dir='ltr'>untei</span> 
     </span>
     <span class='ocr_line' id='line_1_16' title="bbox 353 1655 1027 1796; baseline 0 -22"><span class='ocrx_word' id='word_1_87' title='bbox 353 1719 413 1789; x_wconf 88' lang='lat' dir='ltr'>rei,</span> <span class='ocrx_word' id='word_1_88' title='bbox 425 1737 511 1796; x_wconf 85' lang='lat' dir='ltr'>quam</span> <span class='ocrx_word' id='word_1_89' title='bbox 524 1713 644 1775; x_wconf 83' lang='lat' dir='ltr'>definire</span> <span class='ocrx_word' id='word_1_90' title='bbox 655 1715 728 1774; x_wconf 85' lang='lat' dir='ltr'>velis</span> <span class='ocrx_word' id='word_1_91' title='bbox 739 1735 825 1787; x_wconf 89' lang='lat' dir='ltr'>‚cum</span> <span class='ocrx_word' id='word_1_92' title='bbox 834 1655 1027 1776; x_wconf 68' lang='lat' dir='ltr'>aiiiiseommu·</span> 
     </span>
     <span class='ocr_line' id='line_1_17' title="bbox 353 1794 1026 1878; baseline 0.003 -25"><span class='ocrx_word' id='word_1_93' title='bbox 353 1799 421 1867; x_wconf 89' lang='lat' dir='ltr'>nia,</span> <span class='ocrx_word' id='word_1_94' title='bbox 442 1794 529 1875; x_wconf 86' lang='lat' dir='ltr'>usque</span> <span class='ocrx_word' id='word_1_95' title='bbox 553 1797 590 1855; x_wconf 76' lang='lat' dir='ltr'>ei)</span> <span class='ocrx_word' id='word_1_96' title='bbox 614 1794 766 1877; x_wconf 81' lang='lat' dir='ltr'>persequi,</span> <span class='ocrx_word' id='word_1_97' title='bbox 795 1795 868 1854; x_wconf 88' lang='lat' dir='ltr'>dum</span> <span class='ocrx_word' id='word_1_98' title='bbox 880 1798 1026 1878; x_wconf 84' lang='lat' dir='ltr'>&#39;proprium</span> 
     </span>
     <span class='ocr_line' id='line_1_18' title="bbox 354 1874 1027 1954; baseline 0.006 -23"><span class='ocrx_word' id='word_1_99' title='bbox 354 1874 509 1947; x_wconf 81' lang='lat' dir='ltr'>efficiatur,</span> <span class='ocrx_word' id='word_1_100' title='bbox 527 1875 606 1954; x_wconf 84' lang='lat' dir='ltr'>qnod</span> <span class='ocrx_word' id='word_1_101' title='bbox 617 1877 723 1934; x_wconf 84' lang='lat' dir='ltr'>nullam</span> <span class='ocrx_word' id='word_1_102' title='bbox 737 1878 766 1933; x_wconf 89' lang='lat' dir='ltr'>in</span> <span class='ocrx_word' id='word_1_103' title='bbox 774 1876 864 1935; x_wconf 83' lang='lat' dir='ltr'>aliam</span> <span class='ocrx_word' id='word_1_104' title='bbox 874 1898 941 1938; x_wconf 90' lang='lat' dir='ltr'>rem</span> <span class='ocrx_word' id='word_1_105' title='bbox 949 1896 1027 1937; x_wconf 82' lang='lat' dir='ltr'>trans·</span> 
     </span>
     <span class='ocr_line' id='line_1_19' title="bbox 353 1952 1025 2039; baseline 0.004 -28"><span class='ocrx_word' id='word_1_106' title='bbox 353 1952 420 2012; x_wconf 83' lang='lat' dir='ltr'>ferri</span> <span class='ocrx_word' id='word_1_107' title='bbox 433 1957 535 2034; x_wconf 84' lang='lat' dir='ltr'>possit.</span> <span class='ocrx_word' id='word_1_108' title='bbox 558 1955 599 2013; x_wconf 89' lang='lat' dir='ltr'>Ut</span> <span class='ocrx_word' id='word_1_109' title='bbox 611 1956 685 2028; x_wconf 80' lang='lat' dir='ltr'>hoc,</span> <span class='ocrx_word' id='word_1_110' title='bbox 697 1957 850 2016; x_wconf 83' lang='lat' dir='ltr'>Hereditas</span> <span class='ocrx_word' id='word_1_111' title='bbox 867 1961 903 2039; x_wconf 81' lang='lat' dir='ltr'>est</span> <span class='ocrx_word' id='word_1_112' title='bbox 909 1961 1025 2039; x_wconf 73' lang='lat' dir='ltr'>pecunia.</span> 
     </span>
     <span class='ocr_line' id='line_1_20' title="bbox 355 2033 1026 2119; baseline 0.001 -25"><span class='ocrx_word' id='word_1_113' title='bbox 355 2033 522 2097; x_wconf 89' lang='lat' dir='ltr'>Commune</span> <span class='ocrx_word' id='word_1_114' title='bbox 533 2035 626 2094; x_wconf 87' lang='lat' dir='ltr'>adhuc</span> <span class='ocrx_word' id='word_1_115' title='bbox 638 2056 644 2093; x_wconf 92' lang='lat'>:</span> <span class='ocrx_word' id='word_1_116' title='bbox 659 2037 749 2095; x_wconf 81' lang='lat' dir='ltr'>muita</span> <span class='ocrx_word' id='word_1_117' title='bbox 762 2040 842 2096; x_wconf 90' lang='lat' dir='ltr'>enim</span> <span class='ocrx_word' id='word_1_118' title='bbox 854 2058 965 2119; x_wconf 82' lang='lat' dir='ltr'>genera</span> <span class='ocrx_word' id='word_1_119' title='bbox 975 2038 1026 2097; x_wconf 88' lang='lat' dir='ltr'>sunt</span> 
     </span>
     <span class='ocr_line' id='line_1_21' title="bbox 353 2115 1028 2198; baseline 0.004 -25"><span class='ocrx_word' id='word_1_120' title='bbox 353 2118 491 2196; x_wconf 87' lang='lat' dir='ltr'>pecuniae.</span> <span class='ocrx_word' id='word_1_121' title='bbox 519 2115 608 2175; x_wconf 85' lang='lat' dir='ltr'>Adde</span> <span class='ocrx_word' id='word_1_122' title='bbox 626 2116 707 2196; x_wconf 90' lang='lat' dir='ltr'>quod</span> <span class='ocrx_word' id='word_1_123' title='bbox 720 2115 870 2196; x_wconf 87' lang='lat' dir='ltr'>sequitur:</span> <span class='ocrx_word' id='word_1_124' title='bbox 886 2141 947 2198; x_wconf 71' lang='lat' dir='ltr'>qua</span> <span class='ocrx_word' id='word_1_125' title='bbox 958 2136 1028 2179; x_wconf 81' lang='lat' dir='ltr'>morte</span> 
     </span>
     <span class='ocr_line' id='line_1_22' title="bbox 353 2193 1026 2276; baseline 0.003 -22"><span class='ocrx_word' id='word_1_126' title='bbox 353 2193 474 2273; x_wconf 82' lang='lat' dir='ltr'>alicujus</span> <span class='ocrx_word' id='word_1_127' title='bbox 492 2199 531 2254; x_wconf 84' lang='lat' dir='ltr'>ad</span> <span class='ocrx_word' id='word_1_128' title='bbox 551 2200 701 2276; x_wconf 82' lang='lat' dir='ltr'>quempiam</span> <span class='ocrx_word' id='word_1_129' title='bbox 722 2200 859 2276; x_wconf 79' lang='lat' dir='ltr'>pervenit.</span> <span class='ocrx_word' id='word_1_130' title='bbox 896 2199 1026 2258; x_wconf 89' lang='lat' dir='ltr'>Nondum</span> 
     </span>
     <span class='ocr_line' id='line_1_23' title="bbox 354 2274 1027 2349; baseline 0.004 -14"><span class='ocrx_word' id='word_1_131' title='bbox 354 2274 395 2335; x_wconf 86' lang='lat' dir='ltr'>est</span> <span class='ocrx_word' id='word_1_132' title='bbox 415 2275 543 2336; x_wconf 82' lang='lat' dir='ltr'>definitio</span> <span class='ocrx_word' id='word_1_133' title='bbox 562 2298 569 2335; x_wconf 72' lang='grc' dir='ltr'><strong>ι</strong></span> <span class='ocrx_word' id='word_1_134' title='bbox 592 2277 688 2335; x_wconf 87' lang='lat' dir='ltr'>multis</span> <span class='ocrx_word' id='word_1_135' title='bbox 702 2279 780 2349; x_wconf 84' lang='lat' dir='ltr'>enim</span> <span class='ocrx_word' id='word_1_136' title='bbox 797 2279 897 2338; x_wconf 89' lang='lat' dir='ltr'>modis</span> <span class='ocrx_word' id='word_1_137' title='bbox 911 2280 1027 2340; x_wconf 81' lang='lat' dir='ltr'>sinshe-</span> 
     </span>
     <span class='ocr_line' id='line_1_24' title="bbox 354 2357 1026 2441; baseline 0.006 -27"><span class='ocrx_word' id='word_1_138' title='bbox 354 2357 476 2416; x_wconf 87' lang='lat' dir='ltr'>reditat&#39;e</span> <span class='ocrx_word' id='word_1_139' title='bbox 495 2361 589 2417; x_wconf 86' lang='lat' dir='ltr'>teneri</span> <span class='ocrx_word' id='word_1_140' title='bbox 611 2374 795 2417; x_wconf 89' lang='lat' dir='ltr'>mortuorum</span> <span class='ocrx_word' id='word_1_141' title='bbox 815 2363 952 2439; x_wconf 85' lang='lat' dir='ltr'>pecuniae</span> <span class='ocrx_word' id='word_1_142' title='bbox 968 2380 1026 2441; x_wconf 87' lang='lat' dir='ltr'>pos·</span> 
     </span>
     <span class='ocr_line' id='line_1_25' title="bbox 353 2435 1026 2519; baseline 0.006 -25"><span class='ocrx_word' id='word_1_143' title='bbox 353 2435 426 2495; x_wconf 81' lang='lat' dir='ltr'>sunt.</span> <span class='ocrx_word' id='word_1_144' title='bbox 456 2437 556 2496; x_wconf 83' lang='lat' dir='ltr'>Unum</span> <span class='ocrx_word' id='word_1_145' title='bbox 572 2437 648 2498; x_wconf 81' lang='lat' dir='ltr'>adde</span> <span class='ocrx_word' id='word_1_146' title='bbox 665 2438 811 2510; x_wconf 87' lang='lat' dir='ltr'>verbum,</span> <span class='ocrx_word' id='word_1_147' title='bbox 825 2437 904 2519; x_wconf 81' lang='lat' dir='ltr'>jure.</span> <span class='ocrx_word' id='word_1_148' title='bbox 940 2441 1026 2503; x_wconf 78' lang='lat' dir='ltr'>Jama</span> 
     </span>
     <span class='ocr_line' id='line_1_26' title="bbox 354 2515 1026 2597; baseline 0 -21"><span class='ocrx_word' id='word_1_149' title='bbox 354 2520 561 2576; x_wconf 85' lang='lat' dir='ltr'>communitate</span> <span class='ocrx_word' id='word_1_150' title='bbox 587 2539 632 2577; x_wconf 85' lang='lat' dir='ltr'>res</span> <span class='ocrx_word' id='word_1_151' title='bbox 655 2515 794 2597; x_wconf 63' lang='lat' dir='ltr'>disjunita</span> <span class='ocrx_word' id='word_1_152' title='bbox 814 2519 986 2595; x_wconf 86' lang='lat' dir='ltr'>videbitur,</span> <span class='ocrx_word' id='word_1_153' title='bbox 1003 2536 1026 2578; x_wconf 86' lang='lat' dir='ltr'>ut</span> 
     </span>
     <span class='ocr_line' id='line_1_27' title="bbox 353 2597 1028 2681; baseline 0.004 -27"><span class='ocrx_word' id='word_1_154' title='bbox 353 2598 390 2654; x_wconf 84' lang='lat' dir='ltr'>sit</span> <span class='ocrx_word' id='word_1_155' title='bbox 404 2597 550 2676; x_wconf 73' lang='lat' dir='ltr'>¹explicata</span> <span class='ocrx_word' id='word_1_156' title='bbox 567 2597 716 2672; x_wconf 86' lang='lat' dir='ltr'>definitio,</span> <span class='ocrx_word' id='word_1_157' title='bbox 739 2602 778 2673; x_wconf 76' lang='lat' dir='ltr'>sie</span> <span class='ocrx_word' id='word_1_158' title='bbox 797 2619 804 2657; x_wconf 73' lang='lat' dir='ltr'>t</span> <span class='ocrx_word' id='word_1_159' title='bbox 832 2605 986 2662; x_wconf 80' lang='lat' dir='ltr'>Hereditas</span> <span class='ocrx_word' id='word_1_160' title='bbox 1003 2602 1028 2681; x_wconf 69' lang='lat' dir='ltr'>esi</span> 
     </span>
     <span class='ocr_line' id='line_1_28' title="bbox 350 2676 1027 2763; baseline 0.007 -30"><span class='ocrx_word' id='word_1_161' title='bbox 350 2681 490 2757; x_wconf 83' lang='lat' dir='ltr'>pecunia,</span> <span class='ocrx_word' id='word_1_162' title='bbox 508 2699 567 2756; x_wconf 80' lang='lat' dir='ltr'>quae</span> <span class='ocrx_word' id='word_1_163' title='bbox 584 2686 667 2737; x_wconf 80' lang='lat' dir='ltr'>morte</span> <span class='ocrx_word' id='word_1_164' title='bbox 688 2676 810 2760; x_wconf 75' lang='lat' dir='ltr'>alicujus</span> <span class='ocrx_word' id='word_1_165' title='bbox 828 2685 870 2739; x_wconf 85' lang='lat' dir='ltr'>ad</span> <span class='ocrx_word' id='word_1_166' title='bbox 885 2684 1027 2763; x_wconf 76' lang='lat' dir='ltr'>quempian</span> 
     </span>
     <span class='ocr_line' id='line_1_29' title="bbox 348 2755 1026 2838; baseline 0.01 -24"><span class='ocrx_word' id='word_1_167' title='bbox 348 2761 475 2838; x_wconf 76' lang='lat' dir='ltr'>pervenis</span> <span class='ocrx_word' id='word_1_168' title='bbox 487 2755 561 2833; x_wconf 68' lang='lat' dir='ltr'>jure.</span> <span class='ocrx_word' id='word_1_169' title='bbox 595 2758 737 2818; x_wconf 89' lang='lat' dir='ltr'>Nondum</span> <span class='ocrx_word' id='word_1_170' title='bbox 759 2757 800 2820; x_wconf 90' lang='lat' dir='ltr'>est</span> <span class='ocrx_word' id='word_1_171' title='bbox 820 2759 912 2822; x_wconf 80' lang='lat' dir='ltr'>sutis:</span> <span class='ocrx_word' id='word_1_172' title='bbox 942 2762 1026 2832; x_wconf 84' lang='lat' dir='ltr'>adde,</span> 
     </span>
     <span class='ocr_line' id='line_1_30' title="bbox 353 2839 1026 2923; baseline 0.001 -26"><span class='ocrx_word' id='word_1_173' title='bbox 353 2860 403 2898; x_wconf 80' lang='lat' dir='ltr'>uec</span> <span class='ocrx_word' id='word_1_174' title='bbox 418 2861 450 2896; x_wconf 84' lang='lat' dir='ltr'>ea</span> <span class='ocrx_word' id='word_1_175' title='bbox 460 2857 509 2896; x_wconf 81' lang='lat' dir='ltr'>aut</span> <span class='ocrx_word' id='word_1_176' title='bbox 522 2839 613 2918; x_wconf 80' lang='lat' dir='ltr'>legata</span> <span class='ocrx_word' id='word_1_177' title='bbox 624 2843 794 2920; x_wconf 81' lang='lat' dir='ltr'>testamento,</span> <span class='ocrx_word' id='word_1_178' title='bbox 812 2843 1026 2923; x_wconf 76' lang='lat' dir='ltr'>autpoffessionr</span> 
     </span>
     <span class='ocr_line' id='line_1_31' title="bbox 351 2916 1027 3004; baseline 0.006 -28"><span class='ocrx_word' id='word_1_179' title='bbox 351 2937 462 2978; x_wconf 81' lang='lat' dir='ltr'>retenta.</span> <span class='ocrx_word' id='word_1_180' title='bbox 494 2916 670 2978; x_wconf 58' lang='lat' dir='ltr'>Coni&#39;eRum</span> <span class='ocrx_word' id='word_1_181' title='bbox 691 2916 740 2978; x_wconf 84' lang='lat' dir='ltr'>est.</span> <span class='ocrx_word' id='word_1_182' title='bbox 772 2919 939 3004; x_wconf 87' lang='lat' dir='ltr'>Itemque,</span> <span class='ocrx_word' id='word_1_183' title='bbox 957 2943 986 2983; x_wconf 87' lang='lat' dir='ltr'>ut</span> <span class='ocrx_word' id='word_1_184' title='bbox 1000 2922 1027 2980; x_wconf 88' lang='lat' dir='ltr'>il-</span> 
     </span>
     <span class='ocr_line' id='line_1_32' title="bbox 348 2999 1028 3082; baseline 0.007 -25"><span class='ocrx_word' id='word_1_185' title='bbox 348 2999 416 3073; x_wconf 81' lang='lat' dir='ltr'>lud,</span> <span class='ocrx_word' id='word_1_186' title='bbox 435 3001 559 3062; x_wconf 82' lang='lat' dir='ltr'>Gentiles</span> <span class='ocrx_word' id='word_1_187' title='bbox 566 3000 633 3080; x_wconf 76' lang='lat' dir='ltr'>fisus</span> <span class='ocrx_word' id='word_1_188' title='bbox 639 3046 650 3072; x_wconf 92' lang='lat'><em>,</em></span> <span class='ocrx_word' id='word_1_189' title='bbox 665 3003 711 3080; x_wconf 82' lang='lat' dir='ltr'>qui</span> <span class='ocrx_word' id='word_1_190' title='bbox 722 3002 831 3082; x_wconf 69' lang='lat' dir='ltr'>interfit</span> <span class='ocrx_word' id='word_1_191' title='bbox 844 3007 941 3066; x_wconf 80' lang='lat' dir='ltr'>sudem</span> <span class='ocrx_word' id='word_1_192' title='bbox 951 3006 1028 3067; x_wconf 80' lang='lat' dir='ltr'>noni·</span> 
     </span>
     <span class='ocr_line' id='line_1_33' title="bbox 1002 3103 1027 3142; baseline -0.08 0"><span class='ocrx_word' id='word_1_193' title='bbox 1002 3103 1027 3142; x_wconf 82' lang='lat' dir='ltr'>ne</span> 
     </span>
    </p>
   </div>
   <div class='ocr_carea' id='block_1_3' title="bbox 1053 296 1061 559">
    <p class='ocr_par' dir='ltr' id='par_1_3' title="bbox 1053 296 1061 559">
     <span class='ocr_line' id='line_1_34' title="bbox 1053 296 1059 407; baseline 0 0"><span class='ocrx_word' id='word_1_194' title='bbox 1053 296 1059 407; x_wconf 80' lang='lat' dir='ltr'>i</span> 
     </span>
     <span class='ocr_line' id='line_1_35' title="bbox 1055 426 1061 559; baseline 0 -10"><span class='ocrx_word' id='word_1_195' title='bbox 1055 426 1061 559; x_wconf 74' lang='lat' dir='ltr'>i</span> 
     </span>
    </p>
   </div>
   <div class='ocr_carea' id='block_1_4' title="bbox 1060 1036 1063 1061">
    <p class='ocr_par' dir='ltr' id='par_1_4' title="bbox 1060 1036 1063 1061">
     <span class='ocr_line' id='line_1_36' title="bbox 1060 1036 1063 1061; baseline 0 0"><span class='ocrx_word' id='word_1_196' title='bbox 1060 1036 1063 1061; x_wconf 92' lang='grc' dir='ltr'>Ι</span> 
     </span>
    </p>
   </div>
   <div class='ocr_carea' id='block_1_5' title="bbox 0 0 1207 4067">
    <p class='ocr_par' dir='ltr' id='par_1_5' title="bbox 0 0 1207 4067">
     <span class='ocr_line' id='line_1_37' title="bbox 0 0 1207 4067; baseline 0 0"><span class='ocrx_word' id='word_1_197' title='bbox 0 0 1207 4067; x_wconf 95' lang='lat' dir='ltr'> </span> 
     </span>
    </p>
   </div>
  </div>
 </body>
</html>
