2400 4067
355 349 425 422 168
476 351 551 419 Dr
579 351 911 418 latrari-roua
961 343 968 351 '

317 536 322 544 ,
350 481 421 538 tra,
442 467 465 524 si
486 465 522 526 de
544 464 647 525 nostris
667 463 747 524 factis
766 505 775 536 ,
796 463 827 521 &
851 459 957 521 officiis
980 461 1039 525 sine

349 549 514 629 arrogantia
531 546 660 607 dicemus
680 566 688 604 ι
708 547 731 604 si
750 544 870 603 crimina
886 541 988 616 illata,
1009 543 1039 603 &

350 627 459 708 aliquas
473 630 568 688 minius
579 625 715 687 honestas
730 623 903 705 suspiciones
920 621 1040 702 injedat

350 707 493 769 diluemus
506 730 513 768 ε
526 711 569 783 si,
583 731 648 789 quae
659 705 849 767 incommoda
859 704 1039 782 acciderint,

349 807 399 848 aut
414 811 478 871 quae
494 787 599 850 instent
616 787 818 859 difficultates,
830 785 1037 866 proferemus:

344 870 373 930 ¹si
388 890 496 950 prece,
514 871 547 930 ὃ(
566 870 767 932 obsecratione
783 866 906 941 humili,
922 889 958 927 ac
975 865 1040 950 sup·

348 951 418 1032 plici
442 968 568 1012 utemur.
591 951 642 1011 Ab
666 947 897 1010 adversariorum
917 965 1039 1024 autem,

350 1032 373 1090 si
391 1051 443 1092 eos
459 1035 551 1091 autin
571 1033 691 1105 odium,
704 1050 752 1090 aut
766 1033 795 1088 in
811 1029 979 1104 invidiam,
992 1047 1039 1092 aut

348 1112 379 1184 in
399 1115 654 1193 contemptionem
673 1112 861 1171 adducemus.
882 1108 917 1170 In
935 1111 1041 1172 odium*

350 1193 550 1266 adducentur,
575 1196 599 1253 si
621 1192 702 1276 quod
719 1213 823 1254 eorum
840 1189 969 1272 spurce,
990 1190 1037 1252 su-

349 1275 464 1414 perbe,
480 1273 657 1349 crudeliter,
672 1273 815 1334 malitiose
833 1271 944 1334 facium
961 1295 1035 1356 pro·

364 1373 460 1416 eretur
479 1377 486 1416 :
505 1358 535 1416 in
551 1356 712 1430 iuvidiam,
731 1357 755 1416 si
770 1356 814 1416 vis
834 1373 962 1428 eorum,
978 1377 1036 1437 po-

350 1439 462 1512 tentia,
476 1437 605 1511 divitiae,
620 1437 758 1520 cognatio
768 1481 778 1508 ,
788 1437 920 1517 pecuniae
928 1435 1034 1517 profe-

332 1519 477 1593 rentur,
501 1535 588 1601 atque
608 1540 711 1580 eorum
734 1515 798 1576 usus
820 1518 983 1602 arrogans,
1005 1519 1035 1579 &

350 1598 540 1660 intolerabilis
556 1621 566 1673 3
584 1616 617 1659 ut
633 1600 677 1659 his
693 1600 779 1660 rebus
796 1600 889 1680 magis
909 1598 1036 1660 videan-

350 1695 416 1753 tur,
434 1680 522 1760 quarn
537 1679 626 1740 causae
642 1678 697 1739 suae
715 1677 863 1739 confidere
883 1700 891 1738 z
910 1681 941 1740 in
960 1702 1035 1742 con·

349 1763 547 1841 remptionem
566 1759 771 1834 adducentur,
789 1763 812 1819 si
834 1780 939 1820 eorum
957 1763 1036 1823 iner-

349 1842 409 1914 tia,
425 1841 621 1922 negligentia,
634 1844 770 1924 ignavia,
786 1839 964 1902 desidiosum
978 1841 1036 1904 stu·

350 1919 449 1994 dium,
465 1921 684 1981 &luxuriosum
694 1927 786 1982 otium
815 1921 974 1984 roseretur.
984 1923 1033 1985 Ab

348 2000 514 2062 auditorum
531 2000 655 2084 persona
670 1944 880 2065 benevollntia
901 2005 1034 2087 captabi-

348 2098 395 2143 tur
405 2129 415 2155 ,
427 2086 451 2142 si
465 2104 510 2144 res
521 2084 558 2143 ab
568 2084 612 2144 his
624 2083 756 2160 sortiter,
769 2083 934 2165 sapienter,
949 2107 1034 2147 man·

347 2161 427 2225 sueti
438 2163 523 2249 gestae
538 2164 745 2248 proferentur,
765 2184 796 2225 ut
813 2187 850 2226 ne
866 2188 925 2249 qua
940 2165 1035 2230 alleu-

348 2247 432 2306 tatio¹
448 2249 536 2307 nimia
560 2247 736 2331 significetur
759 2268 768 2320 3
794 2247 826 2307 &
852 2250 877 2307 si
904 2247 942 2308 de
965 2249 1034 2325 his,

348 2328 437 2410 quim
454 2326 574 2388 honesta
592 2328 783 2402 existimatio,
799 2345 965 2410 quantaque
983 2351 1035 2391 eo·

348 2430 412 2468 rum
428 2406 543 2485 judicii,
559 2410 590 2468 &
604 2409 777 2469 aucloritatis'
790 2407 964 2490 exspedlatio
979 2414 1034 2487 sit,

349 2487 527 2549 ostendetur.
553 2487 603 2547 Ab
631 2490 717 2549 rebus
746 2491 840 2570 ipsis,
865 2491 889 2550 si
920 2489 1034 2553 causam

347 2565 476 2630 nostram
501 2568 646 2629 laudando
670 2570 874 2644 extollemus,
896 2571 1035 2634 adversa-

348 2651 458 2710 riorum
472 2649 583 2709 causam
598 2671 652 2731 pet
667 2653 920 2733 contemptionem
937 2653 1035 2736 depti-

216 2791 221 2798 ,
303 2738 308 2745 ’
346 2750 471 2792 memus.

393 2830 441 2892 23.
463 2811 603 2873 Attentos
623 2830 721 2874 autem
739 2811 878 2876 faciemus
898 2861 908 2890 ,
934 2819 958 2877 si
979 2817 1034 2879 de·

349 2893 597 2970 monstrabimus,
617 2915 679 2973 ea,
701 2917 765 2978 quae
785 2896 886 2959 dicturi
905 2900 1034 2974 erimus,

902 3002 1012 3064 magna
1025 3027 1035 3056 ,
