2400 4067
447 455 771 525 Onnronrn.
873 481 946 552 355

264 566 330 649 pla,
348 569 453 649 quihus
464 572 547 630 simili
559 575 588 630 in
601 571 793 651 disputatione
804 572 947 633 creditum

262 670 326 709 non
341 653 397 708 sit:
420 652 626 733 conquerenda
637 653 769 713 conditio
785 657 948 714 communis

264 731 408 813 periculi,
424 735 446 791 si
462 735 583 815 ingeniis
602 734 755 793 hominum
774 733 951 793 trirninolo-

261 832 328 871 rum
343 830 380 870 stt
391 816 523 892 exposita
531 818 592 873 vita
604 817 814 875 innocentium.

303 888 388 951 XIII.
405 892 530 954 Funus.
545 895 697 974 Quoniam
707 896 785 955 unde
796 896 948 956 inveniun-

262 986 311 1030 tur
320 992 387 1053 quae
397 973 433 1032 ad
442 973 531 1035 Iidem
542 978 705 1055 pertinent,
715 977 831 1049 habeo,
841 997 947 1058 quent-

262 1051 424 1113 admodum
445 1057 473 1113 in
495 1056 621 1115 dicendo
636 1058 747 1139 singula
766 1056 950 1132 inflentur,

262 1131 412 1215 exspeilo.
430 1133 551 1196 PATER.
562 1137 857 1219 Argumentationem
867 1159 946 1217 qute-

261 1232 327 1274 tere
344 1215 471 1290 videris,
493 1238 557 1298 quae
572 1216 614 1277 est
634 1220 796 1300 argumenti
813 1219 947 1299 explica-

260 1296 324 1354 tio:
346 1318 411 1378 quae
423 1296 534 1378 sumpta
550 1318 587 1359 ex
605 1302 639 1358 iis
650 1300 742 1372 locis,
756 1296 879 1379 quisunt
890 1320 946 1360 ex-

260 1378 369 1457 positi,
385 1376 587 1451 conficienda,
605 1380 637 1439 &
648 1378 848 1461 distinguenda
866 1380 945 1439 dilu-

258 1456 326 1597 :iii
346 1456 398 1519 est.
426 1460 552 1522 Funus.
575 1460 663 1520 Plane
683 1459 753 1520 istuc
771 1459 864 1541 ipsum
886 1461 946 1521 de-

305 1556 369 1599 ero.

302 1620 354 1693 46.
376 1618 495 1682 Pam.
518 1619 566 1681 Est
579 1640 671 1703 ergo,
684 1639 717 1680 ut
733 1619 816 1701 suprir
832 1620 943 1682 dilium·

259 1696 319 1773 est,
337 1702 492 1782 explicatio
509 1705 691 1785 argumenti,
708 1710 728 1762 ‘a
781 1705 938 1762 mentatio:

259 1778 309 1839 fed
320 1800 356 1841 ea
368 1781 537 1855 conficitur,
551 1804 641 1864 quum
651 1722 801 1864 sumpsffeiis
812 1799 860 1842 aut
878 1804 940 1844 non

259 1860 368 1936 dubia,
388 1881 436 1923 aut
449 1866 629 1945 probabilia,
648 1884 685 1925 ex
703 1865 805 1946 quibus
824 1864 854 1923 id
873 1862 941 1925 effi-

258 1943 336 2016 tias,
351 1944 432 2025 quod
446 1964 493 2004 aur
507 1945 647 2018 dubium,
664 1962 713 2006 aut
725 1947 819 2004 minus
832 1945 941 2025 proba·

257 2021 317 2083 bile
332 2044 386 2105 per
401 2025 430 2085 se
442 2027 567 2086 videtur.
591 2026 825 2106 Argumentandi
839 2044 938 2086 autem

258 2102 319 2163 dno
345 2104 410 2164 lirnt
456 2124 570 2176 enera,
600 2126 725 2185 quorum
752 2107 874 2166 alterum
900 2107 942 2167 ad

258 2182 349 2246 fidem
369 2125 478 2243 uitello
493 2184 510 2243 s
526 2184 621 2255 eliat3
638 2188 761 2244 alterum
771 2184 800 2245 se
818 2187 938 2248 infleilit

257 2265 294 2325 ad
322 2280 448 2323 motum.
487 2206 656 2342 [lirigimr,
697 2284 766 2321 uutn
786 2266 937 2344 proposuit

257 2346 294 2405 ui
336 2346 387 2420 id,
407 2343 488 2426 quod
503 2345 663 2426 probaret,
677 2284 860 2423 lumpntque
880 2364 940 2419 ea,

256 2428 306 2507 qui
328 2449 361 2486 us
374 2444 524 2487 uteretur:
544 2443 633 2506 atque
648 2424 694 2484 his
706 2419 881 2482 confirmatis
899 2426 937 2484 ad

277 2510 442 2588 ropositum
458 2506 517 2568 sese
535 2506 653 2580 retulit,
674 2523 761 2586 atque
784 2503 935 2565 conclusit.

255 2528 307 2647 Ila
324 2607 421 2650 autem
439 2590 529 2649 altera
544 2588 779 2670 argumentatio,
796 2588 876 2667 quasi
889 2605 937 2648 re·

254 2685 323 2744 tro,
349 2671 381 2729 &
398 2670 499 2732 contri
512 2673 590 2752 prius
606 2667 690 2729 sumit
706 2688 770 2749 quae
786 2667 870 2741 vult,
886 2687 937 2728 ea-

252 2747 936 2910 iiiiidiiiiiiiitpeiriiiiseaiiitilujiiupiiii·

251 2927 389 2973 tremum.

291 3008 342 3071 47.
363 2987 411 3053 Est
422 3004 520 3054 autem
532 2989 580 3050 illa
591 2990 717 3051 varietas
731 2991 761 3050 in
776 3008 938 3072 argumen-
