2400 4067
700 543 824 596 AD
880 524 1411 596 HERENNIUM
1463 526 1540 594 L.
1593 530 1650 595 Ι.
1781 528 1877 620 1'3'

510 657 712 711 operam
739 679 755 704 ,
806 658 861 696 ut
901 643 1048 696 nihilo
1088 642 1242 695 minus
1283 645 1520 697 industriae
1549 679 1565 704 ,
1620 649 1758 713 quim
1806 645 1883 696 rei

508 719 691 770 utilitas
733 719 987 786 postulabit
1010 754 1024 780 ,
1066 718 1297 786 quaesiiffe
1336 719 1584 769 videamur
1614 751 1630 777 ‚
1676 719 1718 768 si
1751 715 1886 784 prius

507 807 664 857 pauca
708 793 769 843 de
808 794 1052 843 causarum
1092 791 1330 842 divisione
1377 792 1654 842 dixerimus.
1708 790 1886 841 Causa-

506 880 615 915 rum
648 866 819 916 divisio
850 868 900 915 in
937 867 1053 916 duas
1087 878 1250 930 partes
1284 864 1526 919 distributa
1556 863 1640 914 est.
1677 860 1887 914 Primum

505 940 739 1005 perorata
770 940 1045 989 narratione
1074 940 1303 989 debemus
1340 940 1531 1005 aperire
1552 972 1568 997 ‚
1599 938 1713 1006 quid
1743 937 1889 987 nobis

508 1013 772 1063 conveniat
804 1029 911 1063 cum
944 1012 1243 1063 adversariis.
1276 1011 1327 1062 Si
1359 1029 1415 1062 ea
1434 1047 1451 1069 ,
1487 1029 1593 1079 quae
1623 1011 1762 1061 nobis
1795 1009 1889 1061 uti·

505 1085 574 1134 lia
612 1097 754 1136 erunt
780 1120 796 1146 ‚
841 1085 1135 1136 convenient
1160 1118 1174 1144 ,
1213 1085 1331 1152 quid
1363 1087 1412 1135 in
1446 1085 1780 1135 controversia
1811 1100 1889 1134 re·

506 1158 755 1225 linquatur
777 1194 792 1218 ,
839 1161 936 1210 hoc
983 1160 1130 1209 modo
1166 1175 1181 1210 z
1221 1158 1522 1226 Intetfeffam
1565 1157 1653 1225 effe
1695 1173 1890 1208 matrem

509 1231 571 1280 ab
624 1233 785 1296 Oreste
834 1233 1055 1282 convenit
1095 1232 1208 1281 mibi
1259 1250 1360 1282 cum
1405 1232 1688 1283 adversariis
1725 1248 1740 1283 z
1780 1230 1893 1297 jure

508 1304 690 1354 fecerit
712 1339 729 1364 ,
777 1304 830 1356 &
867 1306 1120 1354 licueritne
1162 1305 1324 1354 facere
1354 1340 1369 1363 ,
1420 1307 1468 1354 id
1505 1305 1572 1354 est
1601 1306 1651 1354 in
1692 1317 1893 1355 contro·

509 1377 698 1430 versia.
736 1377 862 1425 Item
900 1392 929 1425 e
963 1376 1207 1425 contrario
1234 1409 1249 1433 ,
1294 1376 1687 1443 Agamemnonem
1734 1375 1821 1442 effe
1860 1391 1894 1425 a

513 1448 863 1515 Clytaemnestra
886 1443 1087 1514 occisum
1108 1447 1394 1516 confitentur
1416 1464 1432 1497 .·
1459 1466 1591 1515 quum
1612 1448 1665 1496 id
1694 1447 1765 1497 ira
1788 1448 1853 1498 sit
1868 1482 1890 1506 ,

509 1539 584 1571 me
624 1522 791 1571 ulcisci
825 1536 1067 1589 parentem
1116 1536 1289 1589 negant
1329 1520 1599 1589 oportuzffe.
1651 1521 1846 1573 Deinde
1872 1553 1891 1582 ,

511 1613 659 1661 quum
696 1596 792 1646 hoc
828 1596 1084 1646 fecerimus
1110 1628 1125 1653 ,
1168 1594 1499 1646 distributione
1535 1595 1606 1644 uti
1642 1596 1894 1647 debemus.

509 1668 583 1719 Ea
623 1668 851 1718 dividitur
888 1670 935 1719 in
965 1668 1080 1718 duas
1116 1680 1280 1733 partes
1317 1701 1333 1727 ‚
1385 1669 1796 1719 enumerationem
1839 1669 1893 1720 &

507 1743 888 1808 expositionem.
944 1742 1324 1800 Enumeratione
1365 1755 1554 1792 utemur
1578 1775 1593 1800 ,
1639 1760 1782 1808 quum
1817 1743 1893 1792 di-

509 1832 676 1867 cemus
725 1833 928 1866 numero
956 1849 971 1875 ‚
1025 1828 1146 1882 quot
1194 1816 1255 1865 de
1305 1817 1449 1866 rebus
1500 1816 1668 1866 dicturi
1711 1816 1891 1869 sumus.

508 1888 631 1940 Eam
666 1890 773 1955 plus
814 1895 958 1957 quem
995 1890 1140 1939 trium
1178 1890 1385 1955 partium
1415 1906 1617 1940 numero
1658 1889 1751 1939 esse
1789 1907 1890 1940 non

511 1975 748 2028 oportet:
777 1980 884 2012 nam
917 1963 969 2013 δι
991 1964 1313 2028 periculosum
1337 1963 1404 2013 est
1426 1998 1441 2023 ,
1469 1980 1530 2012 ne
1558 1964 1749 2029 quando
1779 1966 1890 2028 plus

509 2036 725 2086 minusve
764 2036 976 2086 dicamus
999 2070 1014 2095 ‚
1061 2037 1113 2087 δι
1156 2036 1469 2102 suspicionem
1503 2036 1641 2086 affert
1679 2036 1892 2086 auditori

509 2110 840 2160 meditationis
879 2110 931 2160 δι
963 2109 1196 2169 artificii3
1251 2127 1358 2177 quae
1392 2126 1472 2160 res
1506 2107 1649 2158 fidem
1686 2110 1890 2176 abrogat

509 2183 715 2232 oratori.
756 2183 1012 2248 Expositio
1045 2183 1111 2233 est
1134 2216 1149 2241 ‚
1189 2200 1335 2250 quum
1369 2199 1446 2233 res
1470 2215 1485 2240 ‚
1515 2182 1576 2232 de
1610 2182 1779 2249 quibus
1814 2182 1890 2232 df-

509 2255 632 2305 «auri
666 2255 821 2304 sumus
843 2288 858 2313 ‚
900 2257 1184 2319 exponimus
1213 2255 1429 2306 breviter
1463 2255 1517 2305 δε
1542 2254 1777 2305 absolute.

594 2327 678 2378 18.
752 2328 897 2377 Nunc
958 2327 1020 2375 ad
1090 2324 1507 2377 confirmationem
1575 2328 1891 2381 transeamus.

513 2400 648 2451 Tota
680 2401 786 2467 spes
819 2399 1048 2451 vincendi
1073 2433 1088 2458 ‚
1131 2398 1352 2465 ratioque
1382 2398 1699 2465 persuadendi
1728 2400 1893 2467 positu

511 2474 626 2525 est
612 2492 660 2524 m
694 2472 1059 2524 confirmatione
1092 2473 1144 2523 &
1179 2473 1724 2524 confutationum
1740 2486 1801 2527 ‚⁷⁷⁷
1852 2503 1876 2516 .,
1922 2486 1926 2487 ⁷
1958 2486 1965 2487 ⁷

509 2547 791 2613 adjumenta
819 2545 977 2596 nostra
1008 2545 1399 2612 exposuerimus,
1431 2563 1644 2598 ·

512 2621 793 2671 solverimus
826 2654 842 2680 ,
891 2619 1110 2670 absolute
1151 2620 1371 2672 nimirum
1408 2630 1584 2686 num
1635 2633 1665 2652 “⁷

513 2694 887 2750 confecerimus.

589 2766 707 2817 XI.
762 2768 1035 2834 Utrumque
1078 2765 1227 2835 igitur
1276 2766 1452 2831 {acm
1472 2767 1489 2802 t
1520 2768 1559 2830 {K

516 2839 905 2890 constitutionem
961 2838 1112 2890 causae
1169 2854 1423 2908 tagum
1411 2842 1454 2899 5'
1488 2831 1517 2860 ⁷⁴⁷

518 2909 884 2962 constitutiones
923 2914 1004 2963 alii
1041 2918 1247 2979 quatuor
1282 2896 1486 2967 &df-⁷7⁸3-

519 2982 625 3032 &or
657 2993 758 3032 tres
797 2984 984 3051 putavit
1011 2984 1158 3035 effe.
1194 3002 1299 3039 nnn
1320 2989 1388 3050 ψ
1411 3000 1550 3045 .

515 3073 659 3127 quam
693 3056 972 3111 detraheret
1001 3056 1350 3123 inventione,
