2400 4067
360 504 410 579 52
474 481 936 552 nnrronrconnn

359 623 389 654 ex
407 605 607 661 enumeratione,
627 599 830 668 amplificatione,
849 603 875 653 &
893 603 1048 657 commisere·

357 681 436 729 tione.
455 679 483 728 ln
499 689 603 745 quatuor
619 675 679 726 locis
695 675 731 724 uti
748 675 866 741 possumus
880 678 1047 730 conclusioni·

358 753 425 810 bus;
446 752 470 803 in
490 751 630 818 principio,
651 747 779 799 secundum
799 751 991 811 narrationem,
1013 754 1048 804 se·

358 826 461 875 cundum
471 823 627 874 firmissimam
637 821 886 889 argumentationem,
908 825 934 873 in
946 829 1047 878 conclu·

356 900 437 948 sione.
459 897 615 948 Enumeratio
636 894 689 954 est,
711 911 754 962 per
773 913 843 962 quam
861 898 1003 966 colligimus
1022 901 1046 952 δι

356 987 555 1028 commonemus,
571 971 657 1036 quibus
674 968 703 1017 de
715 969 786 1018 rebus
801 971 876 1019 verba
893 970 1047 1034 fecerimus,

356 1044 483 1102 breviter3
503 1055 530 1092 ut
548 1055 702 1103 renovetur,
722 1059 772 1091 non
788 1043 977 1112 redintegretur
995 1063 1047 1098 ora·

355 1117 391 1168 tio
404 1133 411 1166 r
426 1117 451 1168 dr
462 1115 564 1174 ordine,
581 1115 696 1182 quidquid
711 1115 756 1164 erit
770 1115 875 1175 diuum,
893 1118 1046 1179 reseramus.

355 1202 383 1240 ut
393 1189 508 1248 auditor,
523 1190 546 1239 si
558 1188 680 1238 memoriae
691 1188 839 1239 mandaverit
851 1222 858 1248 ,
875 1190 944 1241 adid
958 1226 967 1251 ,
985 1194 1046 1262 quod

354 1262 404 1329 ipse
422 1261 579 1320 meminerit,
598 1262 738 1312 reducatur.
759 1262 821 1311 item
838 1264 977 1316 curandum
996 1267 1043 1324 eil.

354 1352 386 1386 ne
396 1349 437 1388 aut
447 1337 476 1386 ab
488 1335 589 1386 exordio
601 1368 609 1394 ‚
626 1346 668 1385 aut
678 1351 692 1383 a
704 1335 841 1386 narratione
853 1350 987 1404 repetatur
997 1357 1045 1391 ora·

354 1410 429 1460 tionis
447 1410 598 1461 enumeratio
616 1424 625 1459 r
642 1407 695 1458 frua
715 1409 798 1469 enim,
820 1409 846 1460 δι
866 1410 954 1463 dedita
975 1413 1044 1482 operi

354 1497 493 1549 comparata
511 1483 589 1534 oratio
608 1482 730 1533 videbitur
748 1480 813 1541 esse,
835 1494 878 1533 aut
898 1484 1000 1538 artificii
1016 1490 1045 1540 ri·

354 1555 500 1625 gnificandi,
520 1570 563 1606 aut
578 1555 668 1624 ingenii
685 1555 842 1613 venditandi,
859 1569 903 1606 aut
919 1562 1044 1613 memorie

355 1630 500 1681 ostentandae
511 1629 592 1679 causi.
605 1629 763 1694 Quapropter
773 1629 867 1678 initium
878 1634 1043 1685 enumeratio·

354 1702 390 1753 nis
402 1704 540 1754 sumendum
556 1702 589 1752 est
599 1699 616 1750 'a
628 1700 744 1750 divisione
757 1716 765 1750 t
782 1701 869 1751 deinde
882 1704 975 1757 ordine
990 1708 1044 1759 bre-

353 1777 418 1826 viter
428 1775 578 1842 exponenda
594 1773 648 1823 sunt
657 1789 716 1830 res,
738 1791 791 1840 quar
806 1774 916 1827 traslatae
930 1793 1009 1832 erunt
1022 1781 1044 1831 in

355 1847 557 1905 confirmatione,
578 1846 605 1896 &
624 1844 800 1897 confutatione.
822 1846 998 1912 Amplificatio
1015 1853 1044 1905 eu

354 1939 412 1980 res,
428 1938 481 1988 quae
495 1937 539 1987 per
548 1920 631 1968 locum
645 1935 795 1969 communem
809 1919 973 1988 instigationis
984 1926 1043 1977 audi·

352 2008 434 2046 torum
453 1994 524 2044 causi
542 1992 647 2042 sumitur.
668 1991 728 2041 Loci
745 2008 883 2043 communes
904 2013 937 2047 ex
961 1999 1043 2051 decem

353 2067 482 2135 praeceptis
498 2063 689 2129 commodissime
705 2065 827 2116 sumuntur
841 2066 988 2135 adaugendi
1001 2073 1044 2125 ςςὶ.

351 2141 419 2192 minis
436 2139 517 2192 causi.

389 2215 435 2276 48.
451 2213 543 2264 Primus
554 2213 624 2264 locus
635 2212 732 2264 sumitur
743 2213 772 2263 ab
786 2211 932 2266 ausloritate
945 2251 954 2278 ,
967 2237 1044 2290 -quum

354 2304 590 2348 commemoramus,
610 2301 704 2354 quantae
721 2303 784 2338 curae
801 2301 829 2336 ea
847 2303 886 2337 res
906 2289 987 2345 suerit
1004 2295 1045 2345 diis

354 2362 527 2413 immortalibus
538 2394 546 2421 ‚
563 2375 604 2412 aut
614 2360 743 2429 majoribus
754 2360 837 2411 nostris
848 2395 855 2419 ,
873 2365 978 2430 regibus
989 2399 998 2427 ,
1013 2366 1046 2418 ci·

353 2437 488 2493 sitatibus,
509 2435 666 2494 nationibus,
685 2434 821 2484 hominibus
842 2433 1044 2500 sapientissimis,

354 2509 446 2559 senatui
461 2524 469 2560 t
483 2509 542 2557 irem
552 2507 653 2558 maxime
665 2524 713 2573 quo
724 2508 797 2557 modo
811 2507 840 2556 de
851 2507 887 2558 his
898 2511 977 2563 rebus
988 2514 1045 2583 legi·

354 2584 399 2631 bus
417 2580 530 2630 sancitum
542 2581 583 2630 sit.
600 2580 726 2633 Secundus
741 2581 811 2630 locus
827 2579 876 2639 est,
893 2599 970 2648 quum
986 2604 1045 2638 con.

288 2647 291 2651 ⁴
354 2654 505 2713 sideramus,
526 2653 573 2703 illae
590 2669 652 2711 res,
670 2653 700 2702 de
718 2653 803 2720 quibus
819 2654 997 2720 criminamur,
1017 2661 1047 2711 ad

355 2743 416 2794 quos
431 2727 568 2793 pertineant
579 2723 681 2776 :utrirm
695 2727 724 2776 ad
736 2744 838 2787 omnes,
855 2729 923 2795 quod
938 2735 1047 2785 atrocis·

355 2802 440 2852 simum
451 2800 483 2850 est
494 2816 503 2858 3
522 2817 552 2850 an
563 2799 593 2848 ad
603 2799 738 2866 superiores
749 2835 756 2859 ,
775 2801 840 2868 quod
851 2817 929 2868 genus
941 2804 958 2855 ii
970 2807 1027 2858 sunt
1038 2841 1045 2867 ,

355 2893 369 2925 a
385 2875 470 2942 quibus
480 2873 628 2923 ausloritatis
646 2874 715 2922 locus
729 2873 859 2924 communis
871 2874 975 2929 sumitur
987 2898 996 2938 ς
1016 2898 1045 2930 an

355 2948 483 3014 adpares,
499 2948 546 2997 hoc
557 2946 608 3005 est,
623 2945 647 2994 in
659 2945 747 2995 eisdem
759 2947 866 3013 partibus
877 2949 951 3000 animi
963 2987 970 3012 ,
993 2971 1046 3004 cor·

354 3023 438 3090 poris,
455 3021 604 3075 fortunarum
617 3019 732 3089 positos3
749 3037 779 3071 an
790 3021 820 3072 ad
836 3020 988 3088 inferiores,
1006 3026 1046 3095 qui
