2400 4067
329 478 408 554 qm
526 457 813 526 Tauron

371 589 422 644 42.
448 569 521 631 Sunt
546 570 624 630 enim
637 568 865 651 ¹similitudines,
895 588 960 650 quae
976 585 1008 630 er

327 652 461 792 floribus
478 651 679 711 collationibus
696 652 869 731 perveniunt
883 651 942 730 qub
956 672 1010 712 vo-

240 748 250 770 ·
343 749 415 806 unt,
430 733 489 792 hoc
501 731 615 791 modo:
637 731 667 792 Si
678 747 758 791 tutor
774 729 866 791 fidem
882 729 1009 810 praestare

333 812 441 886 debet,
460 815 484 872 si
497 811 608 886 socius,
626 814 668 886 si,
689 813 733 871 cui
751 811 915 880 mandaris,
931 814 1011 893 siqui

331 892 468 955 fiduciam
478 895 622 974 acceperit
637 913 644 951 :
667 892 756 953 debet
771 893 860 952 etiam
872 914 1011 972 procura-

331 989 389 1034 tor.
414 975 487 1036 Haec
499 994 534 1035 ex
545 974 673 1055 pluribus
682 974 858 1054 perveniens
867 975 929 1054 qub
940 974 1011 1047 vult,

334 1056 495 1136 appellatur
517 1054 644 1114 indublio
660 1077 670 1113 .·
687 1075 750 1134 quae
768 1051 872 1114 Graece
890 1055 1015 1126 &nami

331 1138 518 1208 nominatum
533 1136 590 1216 qud
604 1135 759 1215 plurimum
778 1131 820 1196 est
832 1133 898 1194 usus
915 1135 946 1195 in
958 1133 1014 1194 ser-

333 1217 474 1284 monibus.
482 1214 628 1277 Socrates.

376 1314 426 1374 43.
450 1295 584 1358 Alterum
604 1294 794 1356 similitudinis
816 1315 908 1378 genus
926 1295 1017 1355 colla·

334 1378 416 1437 tione
432 1374 566 1451 sumitur,
584 1398 673 1459 quum
683 1396 796 1437 unares
806 1378 872 1449 uni,
891 1396 944 1456 par
979 1377 1016 1435 ari

335 1475 535 1538 comparatur,
552 1459 610 1518 hoc
622 1457 733 1518 modo:
753 1398 1017 1536 Quemadmodum

337 1542 361 1601 si
373 1541 403 1598 in
419 1539 491 1600 urbe
507 1538 543 1602 de
557 1537 661 1598 finibus
671 1541 870 1598 controversia
883 1534 943 1611 est,
953 1540 1017 1617 quia

336 1617 410 1681 fines
426 1622 517 1702 magis
529 1641 665 1702 agrorum
677 1618 814 1678 videntur
832 1615 912 1691 elle,
931 1617 1018 1699 quim

337 1701 436 1774 urbis,
454 1699 557 1762 finibus
582 1699 717 1782 regendis
739 1699 858 1780 adigere
881 1699 1017 1759 arbitrum

338 1802 399 1841 non
418 1784 510 1861 possis
522 1802 529 1839 ε
546 1783 604 1854 sic,
619 1783 641 1840 si
655 1801 728 1860 aqua
738 1779 836 1860 pluvia
847 1780 879 1842 in
890 1780 963 1840 urbe
974 1801 1022 1840 no·

338 1877 404 1933 cet,
422 1863 559 1941 quoniam
575 1881 621 1920 res
637 1877 700 1920 tota
716 1862 806 1942 magis
816 1859 1019 1943 agrmnmest,

337 1962 419 2021 aquae
439 1942 545 2021 pluviae
565 1941 697 2002 arrendae
714 1941 835 2024 adigere·
850 1963 912 2004 non
929 1945 1020 2024 possis

337 2021 486 2087 arbitrum.

380 2123 430 2176 44.
448 2101 492 2162 Ex
506 2102 615 2163 eodem
633 2103 824 2164 similitudinis
844 2102 916 2163 loco
937 2107 1021 2163 etiam

340 2184 476 2265 exempla
492 2183 659 2257 sumuntur,
677 2201 707 2243 ut
724 2183 838 2245 Craffus
852 2187 882 2244 in
899 2183 1023 2245 Curiana

341 2265 424 2326 causa
433 2285 517 2326 exem
542 2266 574 2325 lis
585 2267 714 2347 plurimis
726 2265 788 2324 usus
804 2263 867 2336 est,
886 2286 979 2346 agens
989 2267 1022 2326 de

340 2366 400 2420 eo,
417 2348 466 2427 qui
485 2289 660 2407 tellamento
677 2349 717 2406 sic
734 2345 878 2405 heredem
891 2345 1025 2405 instituis·

340 2426 402 2502 set,
420 2446 469 2500 ut,
483 2428 506 2486 si
519 2425 591 2487 lilius
605 2444 686 2487 natus
700 2427 769 2488 ellet
782 2429 811 2486 in
824 2426 929 2489 decem
942 2447 1023 2489 men·

340 2508 438 2580 sibus,
456 2505 533 2588 isque
545 2525 676 2568 mortuus
689 2509 787 2588 pribs,
805 2506 894 2588 qudm
908 2508 1024 2567 insuam

340 2588 462 2650 tutelam
472 2586 612 2660 venitlet3
629 2588 767 2649 secundus
780 2588 867 2649 heres
881 2588 1025 2650 heredita·

340 2685 403 2729 tem
413 2667 591 2730 obtinuisset:
602 2691 665 2750 quae
674 2672 920 2730 commemoratio
928 2691 1026 2731 exem·

340 2750 457 2832 plorum
467 2749 577 2822 valuit,
597 2749 689 2831 elque
707 2771 762 2811 vos
776 2753 806 2809 in
817 2748 1025 2831 respondendo

340 2832 385 2892 uti
397 2831 519 2891 multbm
530 2829 636 2891 soletis.

384 2932 434 2995 45.
460 2911 539 2973 Fitta
564 2914 650 2972 etiam
674 2911 808 2992 exempla
829 2911 1028 2973 ‘similitudinis

342 2991 452 3058 habeut
465 2996 549 3057 vim:
575 2993 625 3057 sed
640 3014 673 3055 ea
691 2993 820 3065 oratoria
838 2994 934 3081 magis
948 2992 1030 3068 sunt,
