2400 4067
271 577 276 588 ,
333 525 410 599 274
458 504 895 573 DaIuVrtnrrona
952 501 969 512 ''

330 622 523 683 ritne.'Ratio
539 617 579 681 est
595 642 602 678 :
623 617 695 677 Earn
709 620 786 677 enim
806 638 842 677 ex
854 617 938 678 bello
953 617 1025 701 ·gto-·

331 708 403 763 riam
425 706 530 762 virtute
556 702 744 781 peperimus,
770 715 801 758 ut
827 696 890 777 ejus
914 716 1025 760 aetema

332 785 454 865 insignia
497 780 595 842 osteris
616 777 717 839 nostris
739 781 900 860 relinquere
922 781 1024 840 velle-

332 885 406 925 mus.
433 806 590 923 lnlllmario
616 858 657 920 est
680 880 688 919 ε
713 859 854 921 Attamen
880 876 1025 921 aeternum

332 947 542 1005 inimicitiarum
577 958 799 1002 monumentum
835 940 947 1003 Graios
985 943 1023 1004 de

334 1025 429 1087 Graiis
444 1023 565 1084 statuere
580 1045 641 1082 non
657 1038 783 1102 oportet.
800 1021 946 1083 Judicatio
963 1022 1025 1084 etl:

335 1106 438 1184 Quum
461 1105 579 1165 summa:
600 1104 711 1164 virtutis
736 1103 918 1164 celebrande
938 1105 1023 1164 causi

335 1184 417 1248 Graii
450 1186 487 1245 de
517 1184 612 1245 Graiis
645 1201 783 1244 aetemum
811 1186 1023 1245 inimicitiarum

334 1281 557 1327 monumentum
569 1264 732 1338 statuerint,
748 1263 882 1338 tellene,
899 1286 937 1325 an
950 1285 1023 1327 con-

335 1347 379 1407 tri
394 1347 524 1408 fecerint.
546 1347 631 1406 Hanc
650 1344 720 1405 ideo
738 1348 882 1406 rationem
899 1344 1022 1426 subjeci-

310 1470 313 1477 ·
335 1449 424 1501 mus,
443 1445 474 1486 ut
489 1429 546 1487 hoc
563 1426 650 1486 causae
669 1446 758 1508 genus
774 1426 885 1508 ipsum,
906 1426 944 1488 de
961 1449 1021 1509 quo
1045 1426 1050 1436 '

335 1509 464 1591 agimus,
478 1508 714 1591 cognosceretur.
732 1506 809 1567 Nam
826 1509 849 1566 si
865 1528 933 1568 eam
952 1507 1025 1590 sup-·

336 1588 544 1671 posuiffemus,
571 1588 628 1669 qut
646 1588 760 1648 fortasse
779 1592 822 1647 usi
843 1586 930 1648 sunt:
950 1588 1020 1649 Non

336 1674 413 1731 enim
429 1669 520 1748 juste,
536 1688 631 1750 neque
645 1670 691 1750 pie
708 1669 816 1729 bellum
831 1668 975 1751 gessistis;
993 1674 1022 1730 in

336 1751 506 1811 relationem
524 1753 647 1809 criminis
665 1749 890 1823 delaberemur;
911 1751 948 1812 de
965 1772 1021 1833 qua

335 1830 400 1913 poli
418 1832 448 1892 lo
490 1852 580 1891 emur.

371 1932 428 1989 ¹7¹·
487 1928 619 1992 tnrmque
644 1928 740 1971 autem
766 1910 854 1971 causae
879 1932 972 1995 genus
994 1916 1022 1973 in

335 1992 409 2051 hanc
432 1990 542 2051 causam
565 1991 690 2051 incidere
713 1992 894 2074 perspicuum
915 1992 1022 2056 ell..ln

337 2074 410 2132 hanc
429 2075 690 2155 argumentationes
710 2094 745 2132 ex
763 2072 863 2134 iisdem
880 2075 955 2134 locis
975 2073 1022 2134 su-

337 2154 452 2214 mendae
465 2154 547 2225 sunt,
565 2170 649 2235 atque
663 2156 691 2211 in
705 2152 816 2213 causam
829 2155 1023 2235 negotialem,

338 2234 375 2294 de
389 2256 444 2315 qua
458 2237 523 2294 ante
537 2234 643 2294 dicium
657 2232 707 2293 est.
723 2234 819 2295 Locos
833 2253 932 2295 autem
946 2258 1027 2296 com·

337 2335 439 2375 munes
457 2317 489 2375 ὃ(
501 2337 537 2375 ex
554 2315 635 2375 causa
654 2315 713 2397 ipsa
729 2362 737 2390 ‚
764 2319 785 2375 si
799 2316 867 2397 quid
881 2318 969 2377 inerit
982 2320 1025 2376 in-

338 2397 509 2478 dignationis
529 2413 576 2455 aut
593 2396 802 2476 conquestionis
818 2442 827 2471 ,
849 2398 881 2458 ὅ(
900 2418 938 2457 ex
956 2395 1024 2479 juris

336 2476 480 2549 utilitate,
506 2476 538 2535 &
557 2493 655 2535 natura
675 2478 779 2536 multos
801 2479 833 2539 &
852 2499 957 2560 graves
975 2478 1022 2538 su-

338 2576 420 2616 mere
440 2556 560 2628 licebit,
582 2558 613 2615 &
634 2557 801 2635 oportebit,
824 2560 848 2623 'si
867 2557 959 2620 causa
979 2559 1022 2620 di-

335 2639 427 2717 gnitas
441 2636 584 2707 videbitur
600 2635 752 2717 postulate.

379 2715 493 2775 XXIV.
512 2716 597 2775 Nunc
612 2715 809 2797 assumptivum
824 2734 938 2799 partem
956 2717 1025 2802 juri·

337 2796 445 2858 dicialis
471 2798 695 2857 consideremus.
729 2797 912 2879 Allumptiva
941 2804 954 2860 i'
972 2805 1024 2861 itur

337 2895 404 2936 tunc
428 2879 549 2951 dicitur,
577 2899 665 2959 quum
687 2878 778 2958 ipsum
801 2900 837 2940 ex
861 2878 890 2940 se
916 2821 1024 2942 fadum

337 2959 451 3038 probati
465 2969 524 3017 non'
537 2957 632 3039 potest
646 2980 652 3019 :
668 2959 764 3041 aliquo
778 2978 874 3021 autem
888 2960 961 3022 foris
975 2963 1027 3023 ad-

336 3039 434 3119 jutrilo
453 3058 626 3122 argumento.
642 3040 815 3102 defenditur.
839 3038 910 3123 Ejus
929 3061 1026 3125 partes

200 3265 377 3416 Α,
