2400 4067
392 456 442 528 86
503 459 968 527 Ranrontconvrt

389 588 418 628 ut
429 576 474 642 ipsi
488 578 517 628 ab
527 577 580 628 aliis
595 574 676 643 potitis
687 575 791 644 eligendi
803 609 810 634 ,
828 576 901 641 quim
913 574 1025 625 aliorum
1035 573 1066 625 bo

391 651 511 703 electores
523 651 698 702 existimentur.
714 649 807 700 Contra
822 665 870 707 ea,
891 664 951 714 quae
965 647 998 699 ab
1014 647 1068 698 iisc‘

390 736 500 786 cuntur,
517 726 559 792 qni
575 725 659 776 dicunt
676 723 761 776 alienis
778 722 803 773 se
820 720 942 788 exemplis
959 720 1000 771 uti
1017 736 1068 787 opo

389 807 445 847 tere
456 831 464 857 ,
485 799 540 850 satis
554 799 588 850 esi
602 799 700 849 ditium.
715 799 809 856 Nunc,
823 813 879 865 que
893 794 1034 863 separatim
1047 794 1068 849 di

389 869 505 936 possunt,
522 873 713 931 consideremus.

427 946 462 997 V.
478 946 590 998 Dicimus
602 963 663 1016 ergo
674 981 682 1007 ,
694 962 738 998 eos
756 960 840 998 ornnes
852 977 860 1003 ‚
878 941 941 996 ideo
953 940 1028 1014 qudd
1037 941 1068 997 ali

389 1018 428 1079 pis
441 1030 558 1080 utantur,
576 1038 680 1087 peccare
692 1055 700 1081 ,
714 1033 766 1072 turn
781 1020 854 1071 etiarn
870 1019 952 1089 tnagis
965 1019 1068 1093 deiincpu

389 1108 440 1151 re,
459 1091 526 1160 quod
541 1111 555 1145 a
573 1096 656 1146 muitis
672 1096 784 1161 exempla
800 1093 894 1143 sumant
909 1107 918 1144 t
933 1091 981 1151 sed
995 1091 1028 1145 de
1046 1108 1068 1143 ec

391 1166 458 1231 quod
476 1167 558 1234 postea
576 1169 700 1234 diximus,
717 1167 774 1219 ante
789 1167 927 1219 uideamus·
949 1166 984 1219 si.
1000 1182 1068 1221 conc<

391 1239 493 1300 decern,
511 1242 590 1292 aliena
610 1254 727 1308 oportere
746 1239 862 1291 affurnere
880 1242 1003 1309 exempla
1018 1273 1029 1300 ,
1044 1239 1068 1289 vi

391 1328 473 1365 cerem
488 1316 558 1367 unius
572 1328 690 1382 oportere
704 1311 844 1383 zprimdm,
858 1311 928 1385 qudd
940 1327 1035 1367 contra
1046 1314 1068 1365 bt

391 1388 457 1436 nulla
466 1388 539 1441 staret
558 1405 645 1440 eorum
663 1389 726 1439 ratio
740 1389 846 1439 :liceret
860 1388 928 1438 enirn
946 1387 1068 1457 eligerent

393 1460 420 1510 δι
438 1463 573 1526 probarent
592 1463 747 1530 quemlibet,
768 1461 810 1529 qui
826 1460 872 1515 cibi
889 1461 915 1513 ie
943 1478 1036 1517 omnes
1053 1479 1068 1517 n

392 1531 557 1599 suppeditaret
567 1537 678 1603 exempla
690 1569 698 1596 ,
709 1537 750 1586 vei
760 1535 859 1602 poetam
869 1566 878 1592 ,
890 1534 936 1587 vel
946 1547 1068 1587 oratorem

392 1606 463 1672 cujus
481 1609 625 1661 austeritate
640 1609 786 1661 niterentur.
800 1606 901 1659 Deinde
917 1605 1029 1663 interest
1044 1627 1068 1659 ru

392 1682 434 1748 gni
450 1680 521 1749 ejus,
538 1683 579 1750 qui
598 1683 691 1734 discere
708 1684 780 1737 vult,
797 1679 878 1733 utrum
895 1698 978 1735 unum
996 1682 1068 1739 omnir

391 1771 422 1804 an
441 1757 521 1805 omnia
537 1757 659 1807 nerninem
670 1788 679 1813 ,
692 1754 734 1806 sed
750 1755 815 1805 aliud
831 1755 904 1805 aliurn
919 1769 1002 1825 putet
1013 1756 1068 1811 cuns

392 1829 434 1892 qui
444 1827 521 1893 posse.
537 1827 563 1881 Si
575 1829 639 1878 enirn
650 1828 746 1894 putabit
756 1826 821 1893 posse
832 1829 913 1879 omnia
925 1847 1011 1895 panes
1022 1848 1068 1883 unu

393 1900 543 1960 consistere,
561 1901 612 1967 ipse
629 1918 727 1968 quoque
742 1901 772 1950 ad
785 1901 892 1951 omniurn
902 1900 1006 1959 nitetur
1016 1904 1068 1957 satu

392 1986 469 2024 tatem
491 1991 498 2025 z
519 1975 556 2026 sin
574 1975 599 2024 id
616 1974 772 2040 desperabit,
793 1974 818 2025 in
836 1976 919 2043 paucis
940 1977 970 2029 se
991 1995 1068 2033 exero

392 2048 447 2107 bit;
462 2047 519 2113 ipsis
533 2049 597 2099 enim
607 2060 738 2099 contentus
757 2048 814 2099 erit.
826 2049 881 2098 Nec
895 2048 1009 2115 mirum,
1022 2069 1068 2120 qun

392 2121 442 2187 ipse
457 2135 593 2188 preceptor
611 2122 670 2172 artie
686 2122 766 2179 omnia
787 2137 862 2188 penes
881 2139 964 2177 unum
984 2120 1068 2194 repeti

394 2211 444 2245 non
458 2196 576 2261 potuerit.
597 2195 687 2246 Allatis
706 2194 779 2264 igitur
798 2195 916 2261 exemplis
935 2215 952 2255 a
977 2198 1068 2255 Catone

393 2285 408 2318 a
427 2266 564 2330 Gracchis,
583 2269 708 2329 aLaelio,
727 2287 741 2319 a
756 2269 889 2336 Scipione,
908 2270 1016 2334 (ἰὼ,
1035 2273 1068 2329 Pu

393 2342 469 2404 cina,
489 2343 588 2403 Crasso,
600 2344 730 2404 Antonio,
742 2343 877 2410 ceterisque
889 2360 898 2402 ς
918 2344 984 2407 item
998 2346 1068 2419 sumpt

394 2417 447 2469 aliis
472 2436 486 2468 a
511 2419 612 2485 poetis,
631 2419 658 2471 dt
681 2417 828 2469 historiarum
847 2417 1031 2485 scriptoribus,
1049 2440 1068 2477 n

394 2490 456 2541 ceffe
474 2493 540 2550 ecit,
556 2509 631 2550 eum,
652 2491 693 2558 qui
711 2490 806 2549 discet,
825 2493 855 2541 ab
872 2491 991 2549 omnibus
1009 2488 1068 2569 pum

394 2565 495 2624 omnia,
512 2566 542 2614 ab
560 2580 610 2615 uno
630 2580 706 2630 pauca
728 2564 770 2614 vix
785 2563 888 2630 potuisse
909 2566 982 2620 sunni.

434 2637 460 2686 8.
471 2636 555 2700 Quare
563 2636 580 2687 si
589 2637 660 2687 nnius
669 2635 771 2704 alicujus
780 2636 827 2689 esse
838 2638 943 2691 similem
953 2641 1015 2697 satis
1023 2644 1068 2699 hab

394 2709 449 2769 bit,
463 2711 542 2760 omnia
555 2743 563 2769 ,
580 2729 635 2778 quae
646 2727 733 2764 ornnes
746 2713 893 2772 habuerint,
907 2713 989 2771 solunt
1004 2718 1068 2781 habe

394 2783 420 2836 se
439 2782 504 2849 posse
520 2782 614 2836 diffidet
631 2802 638 2836 :
657 2800 718 2854 ergo
732 2786 817 2836 inutile
833 2786 866 2837 est
884 2787 927 2848 ei,
944 2791 991 2859 qui
1002 2791 1068 2845 disce

394 2858 466 2916 vult,
481 2875 531 2908 non
548 2871 636 2925 putare
653 2877 728 2910 unum
739 2861 804 2926 posse
816 2861 908 2912 omnia.
923 2862 1006 2933 Igitur
1023 2883 1068 2917 neu

394 2930 420 2981 in
437 2932 498 2982 hanc
516 2933 636 2983 incideret
653 2934 810 3000 opinionem,
828 2936 849 2985 si
865 2937 895 2985 ab
909 2955 960 2988 uno
981 2955 1068 3006 exemp

395 3005 544 3076 sunpsisient
561 3023 569 3062 t
589 3023 654 3060 nunc
668 3007 717 3064 hoc
728 3009 790 3082 signi
801 3008 834 3061 eii
845 3043 855 3072 ,
871 3010 936 3080 ipsos
947 3013 1010 3067 artis
1022 3014 1068 3067 scri
