2400 4067
391 513 693 585 Ouaron.
802 538 881 612 479

196 628 298 687 matici
322 645 460 701 vocant,
497 629 577 709 quod
609 632 730 690 nomina
758 633 885 694 transfe-

197 726 312 769 runtur.

240 808 291 867 94.
315 785 487 849 Aristoteles
507 807 606 850 autem
626 791 803 854 transsationi
822 794 885 853 haee

196 872 258 951 ipsa
271 866 416 950 subjungit
429 913 438 942 ,
455 870 488 928 &
499 871 690 944 abusionem,
703 894 793 954 quarn
804 877 886 936 euici-

199 976 292 1027 xpum
308 967 439 1010 vocant:
464 969 495 1009 ut
550 971 599 1010 um
613 955 745 1012 minutum
763 954 885 1013 dicimus

198 1031 330 1090 animum
337 1052 392 1112 pro
400 972 550 1111 parendi
559 1033 703 1091 abutimur
710 1034 808 1095 verbis
819 1054 886 1115 pro·

199 1112 336 1191 pinquis,
350 1113 401 1171 sio
424 1132 456 1170 us
465 1110 523 1185 est,
534 1112 584 1172 vel
597 1113 677 1193 quod
686 1113 886 1188 delediat,vel

201 1190 387 1270 quoddecet.
399 1132 890 1276 iamquumfluxeruntplurescon·

200 1276 292 1331 tinuae
301 1272 487 1346 tralationes,
504 1275 559 1333 alia
567 1273 692 1355 planefit
700 1277 806 1337 oratio.
828 1276 889 1336 ita·

200 1372 260 1432 que
276 1372 366 1446 genus
379 1355 436 1414 hoc
449 1352 549 1414 Graeci
559 1356 709 1436 appellant
723 1365 887 1432 anamim,

202 1433 428 1508 nommereste,
446 1454 553 1516 genere
567 1436 669 1495 melius
685 1436 754 1510 ille,
774 1439 823 1516 qui
835 1435 886 1496 ista

202 1513 616 1576 omniattanssationesvocat.
639 1516 712 1576 Haec
722 1514 887 1597 frequentat

203 1593 360 1654 Phalereus
372 1597 513 1668 maxime,
524 1594 645 1677 suntque
659 1596 837 1656 dulcissima:
856 1598 889 1657 δι

204 1695 382 1756 quamquam
398 1675 542 1736 transsatio
559 1676 600 1737 est
622 1678 700 1758 apud
720 1697 790 1736 eum
810 1679 889 1735 mul-

204 1773 258 1827 ta,
287 1771 387 1816 tamen
413 1759 631 1819 immutationes
658 1756 797 1839 nusquam
822 1778 891 1819 cre·

203 1837 327 1898 briores.

247 1934 299 1999 95.
326 1915 361 1976 In
382 1917 461 1978 idern
482 1936 572 2000 genus
597 1920 756 1991 orationis,
783 1918 890 2000 loquor

205 2000 285 2059 enim
298 1997 337 2058 de
348 1997 396 2057 illa
412 1999 548 2071 modica,
564 2021 599 2058 ac
610 2015 798 2080 temperata,
818 2020 891 2059 vet-

205 2080 315 2140 bonrm
330 2078 436 2139 cadunt
451 2081 559 2138 lumina
571 2082 685 2153 omnia,
698 2079 789 2138 muita
802 2082 891 2139 etiam

206 2159 436 2221 sententiarum:
464 2159 547 2234 latae,
570 2158 747 2239 eruditaeque
765 2157 894 2238 disputa-

208 2244 306 2301 tiones
320 2241 357 2300 ab
371 2241 480 2301 eodem
490 2240 686 2320 explicantur,
699 2240 732 2297 ὃ(
741 2237 800 2296 ioci
808 2258 896 2298 com·

209 2340 313 2382 munes
325 2323 386 2382 sine
397 2324 588 2381 contentione
600 2318 782 2379 inducuntur.
810 2316 896 2397 Quid

210 2401 320 2462 multa?
339 2400 609 2484 ephilosophorum
624 2399 727 2460 scholis
745 2396 817 2457 tales
834 2397 897 2459 fere

211 2482 364 2543 evadunt:
387 2484 441 2556 dt,
458 2485 512 2541 nisi
529 2482 628 2542 cotim
644 2484 697 2541 erit
708 2496 894 2560 comparatus

210 2565 259 2624 ille
274 2560 390 2637 fortior,
403 2561 496 2644 perse
509 2562 573 2635 hic,
585 2583 674 2643 quem
685 2561 765 2634 dico,
785 2561 897 2642 proba-

144 2698 146 2705 ,
212 2646 300 2706 bitur.

143 2768 159 2807 Ξ

143 2852 163 2889 ss

143 2930 170 2973 ui

143 3012 172 3053 r.

143 3091 173 3132 Β

143 2714 150 2723 ’
220 2756 223 2763 -
255 2725 306 2805 96.
325 2719 374 2782 Est
390 2724 467 2783 enim
487 2718 636 2802 quoddam
659 2723 746 2783 etiam
764 2723 898 2803 insigne,

215 2807 250 2868 &
268 2807 378 2864 florens
401 2804 561 2872 orationis,
581 2801 710 2881 pidum,
732 2801 765 2859 δι
785 2800 900 2882 'expoli-

147 2912 159 2927 =
213 2883 424 2964 tumgenus,in
435 2901 494 2960 quo
506 2899 609 2941 omnes
617 2880 787 2952 verborum,
795 2902 899 2941 omnes

213 2960 610 3041 sententiarumilliganturle
633 2979 709 3019 ores.
723 2958 792 3017 Hoc
803 2962 900 3019 toturn

215 3069 233 3110 e
246 3038 437 3128 sophistarum
456 3039 585 3103 fontibus
604 2981 723 3100 defluxit
738 3040 768 3097 in
781 3037 900 3112 forum,
