2400 4067
421 495 445 564 8
529 497 1005 570 Rubronrconunr

419 612 511 682 xuriam
541 615 729 666 adversariorum
757 616 917 684 proferemus.
946 617 985 667 Ab
1014 617 1068 668 audi

419 704 473 736 rum
490 687 591 753 persona
613 690 784 740 benevolentia
800 692 946 759 colligetur,
967 690 987 741 si
1005 708 1045 742 res

369 774 373 779 ’
415 777 474 824 ,rum
490 761 606 821 fortiter,
624 763 761 829 sapienter,
775 763 914 822 mansuete,
931 763 1062 830 magnisic'e

408 834 512 884 dicatas
530 835 682 902 proferemus
698 836 706 886 :⁴
721 837 747 886 δι
764 838 804 897 si,
823 854 876 905 quae
895 838 925 886 de
943 837 972 887 iis
991 834 1068 887 eriisiir

421 907 480 967 tio,
500 925 552 974 quae
572 907 655 974 judicii
674 910 821 976 exspellatio
841 911 892 970 sit,
913 911 1061 976 aperiemus.

419 982 493 1030 rebus
513 981 570 1047 ipsis
590 982 736 1033 benevolum
758 982 888 1034 efficiemus
911 983 1068 1042 auditorem,

420 1053 524 1104 nostram
547 1055 640 1104 causam
660 1057 779 1107 laudando
802 1060 967 1116 extollemus,
996 1057 1068 1108 adver

420 1127 511 1177 riorum
530 1145 573 1193 per
593 1131 799 1196 contemptionem
819 1131 989 1195 deprimemus.

457 1201 505 1252 Vl.
524 1201 649 1269 Deinceps
668 1203 698 1252 de
716 1204 876 1253 insinuatione
893 1203 1050 1269 aperiendum

420 1271 480 1323 Tria
504 1275 557 1324 sunt
582 1288 717 1341 tempora,
745 1277 831 1349 quibus
857 1277 974 1343 principio
1002 1279 1039 1326 uti
1064 1295 1068 1326 1

420 1346 562 1414 possumus,
583 1365 636 1416 quae
650 1349 777 1417 diligenter
793 1350 846 1399 sunt
861 1349 1036 1399 consideranda
1051 1366 1059 1401 t

421 1439 495 1487 quum
515 1435 611 1490 turpem
631 1424 723 1473 causam
744 1425 879 1483 hahemus,
896 1424 945 1473 hoc
964 1421 1017 1481 esi,
1039 1441 1068 1490 qt

420 1494 471 1560 ipsa
488 1512 528 1546 res
547 1497 649 1546 animum
671 1497 789 1548 auditoris
809 1515 823 1546 a
842 1498 912 1546 nobis
936 1495 1043 1552 alienata

423 1586 496 1634 quum
514 1569 605 1620 animus
626 1570 740 1621 aucfitoris
760 1570 883 1635 persuasus
901 1569 998 1619 videtur
1017 1568 1067 1618 effe

424 1642 473 1702 iis,
491 1644 531 1709 qui
549 1643 606 1694 antd
618 1645 702 1693 contri
720 1644 852 1701 dixerunt3
871 1654 912 1691 aut
927 1659 998 1707 quum
1010 1642 1068 1692 dese

422 1715 457 1764 est
480 1733 523 1766 eos
547 1716 687 1772 audiendo,
713 1717 754 1780 qui
775 1713 831 1765 anti
852 1715 974 1764 dixerunt.
1001 1715 1068 1765 Sica

383 1808 385 1811 ’
422 1789 596 1854 turpitudinem
611 1787 727 1845 habebit,
747 1788 854 1837 exordiri
871 1788 1004 1854 poterimus
1021 1788 1061 1838 his

423 1861 531 1913 tionibus
549 1877 556 1910 τ
574 1877 647 1918 rom,
672 1876 722 1908 non
741 1861 886 1917 hominem3
910 1874 951 1910 aut
968 1861 1068 1912 homine

422 1951 473 1984 uon
493 1951 544 1982 rem
571 1933 670 1998 spailari
691 1947 807 1998 oportere
825 1951 832 1984 :
851 1951 903 1983 non
919 1935 1017 1999 placere
1045 1952 1068 1983 n<

422 2007 500 2072 ipsis,
519 2023 571 2073 quae
588 2006 650 2055 salla
667 2006 777 2056 dicantur
791 2008 820 2056 ab
839 2006 997 2060 adversariis,
1021 2005 1048 2054 δι

423 2081 539 2146 indigna,
557 2091 598 2129 aut
616 2079 717 2128 nefaria.
739 2079 836 2128 Deinde
853 2095 925 2144 quum
942 2078 981 2125 diu
997 2091 1050 2124 rem

423 2154 548 2208 stetimus,
566 2152 625 2202 nihil
642 2152 720 2201 simile
734 2169 747 2200 a
761 2153 830 2201 nobis
845 2151 932 2201 saurim
944 2147 1068 2200 ostendent

424 2239 466 2277 aut
487 2227 621 2293 aliquorum
640 2224 752 2291 judicium
775 2226 805 2274 de
825 2225 894 2275 simili
914 2221 1001 2279 causa,
1019 2235 1064 2274 aut

425 2301 531 2360 eadem,
553 2313 594 2350 aut
616 2299 646 2349 de
662 2299 774 2358 minore,
796 2311 838 2349 aut
852 2299 880 2348 de
893 2296 985 2363 majore
1002 2298 1068 2361 profi

425 2393 487 2425 mus.
512 2375 610 2424 Deinde
626 2373 657 2423 ad
673 2373 776 2423 nosiram
792 2373 886 2422 causam
902 2369 1052 2436 pedetentim

426 2451 563 2507 cedemus,
588 2447 808 2497 &similitudinem
827 2446 990 2495 conferemus.
1013 2443 1068 2494 lten

426 2523 586 2587 negabimus,
607 2536 652 2569 nos
666 2519 696 2568 de
713 2519 871 2576 adversariis,
890 2529 932 2566 aut
948 2518 978 2566 de
995 2517 1068 2582 aliqua

427 2594 550 2648 dilutos,
571 2593 597 2642 δι
612 2604 694 2644 tamen
710 2591 807 2644 occulti
824 2591 930 2642 dicemus
945 2587 1068 2656 interjesli

426 2669 566 2717 verborum.

468 2755 509 2789 ιο.
526 2739 551 2789 Si
567 2738 691 2804 persuasus
706 2739 801 2789 auditor
817 2736 909 2797 suerit,
927 2735 1010 2795 idest,
1027 2736 1047 2788 si
1066 2766 1068 2778 ‹

427 2815 464 2864 tio
481 2812 671 2862 adversariorum
688 2813 835 2863 auditoribus
851 2811 922 2861 sidem
941 2811 1029 2860 fecerit
1048 2809 1059 2875 (

428 2905 477 2955 que
496 2887 560 2936 enim
579 2903 628 2936 non
646 2885 716 2936 sacili
740 2886 799 2935 scire
824 2886 978 2950 poterimus,
1005 2902 1068 2950 quor

429 2978 480 3011 nou
493 2961 570 3011 sumus
586 2960 679 3016 nescii,
698 2960 782 3026 quibus
795 2960 866 3008 rebus
879 2956 939 3007 fides
955 2956 1008 3006 sieri
1022 2958 1068 3008 sole

430 3050 490 3106 ergo
509 3035 529 3088 si
545 3032 618 3087 fidem
635 3033 720 3086 satiato
741 3034 901 3103 putabimus,
923 3031 960 3084 his
980 3047 1026 3084 nos
1047 3049 1068 3083 rt
