2400 4067
350 457 403 530 90
462 436 948 505 Rutroutcottum

350 556 423 608 uersis
439 557 526 607 ciuibus
538 554 695 606 atrocissimas
710 553 864 604 calamitates
875 554 1032 607 machinantur.

353 631 376 680 0
389 629 456 697 seros
473 629 584 680 animos!
603 628 617 677 d
632 628 736 679 crudeles
751 628 939 696 cogitationes!
958 628 974 678 ό
989 632 1033 681 dere

350 704 418 755 lic‘los
429 704 531 755 homines
542 702 571 752 ab
579 702 741 753 lumtnitate!
756 702 813 768 quid
827 719 903 770 agere
916 700 1034 770 ausisuu,

351 794 394 829 aut
408 779 512 848 cogitare
521 777 674 846 potuerunt?
691 794 735 843 quo
745 774 816 843 pallo
834 776 939 839 hostes,
956 777 1034 829 retulit

312 845 314 849 ¹
350 852 463 920 majorum
477 848 613 918 sepulcris,
630 850 722 918 dejeilis
737 848 872 906 munibus,
896 852 1034 902 ouantes'o·

350 941 445 976 ruerent
457 926 482 974 in
495 925 615 974 ciuitatem
633 940 641 974 ι
658 943 702 992 quo
713 925 782 974 modo
796 922 868 973 deum
884 924 986 993 templis
994 921 1034 993 fite·

351 998 437 1058 lictis,
450 997 600 1067 optimatibus
611 998 755 1053 trucidatis,
770 995 828 1046 aliis
843 1014 903 1048 erre
922 997 958 1047 tit
971 998 995 1048 in
1000 995 1035 1067 ser·

350 1072 467 1132 uitatem,
482 1069 700 1138 matribussamilias
718 1071 741 1121 δ’
758 1070 870 1138 ingenuis
900 1070 934 1122 ub
951 1071 1035 1136 ltostil·

350 1144 473 1196 libidinem
482 1142 590 1212 subsedit
602 1172 620 1205 ,·
633 1144 686 1196 urbs
703 1142 856 1194 acerbissimo
877 1144 996 1196 concidat
1011 1146 1036 1197 it·

351 1219 434 1269 cendio
450 1219 617 1286 conflagrata:
632 1214 709 1286 quise
727 1235 775 1269 non
788 1232 905 1285 putant,
927 1219 959 1269 id
966 1253 977 1277 ,
992 1220 1036 1287 quel

350 1291 488 1352 notuerint,
503 1294 536 1341 ad
552 1292 641 1341 exitum
657 1288 809 1360 perduxisse,
829 1291 884 1341 nisi
900 1289 1035 1360 sanffissint

348 1366 434 1434 patria
449 1366 603 1417 miserandum
613 1362 728 1432 scelerati
743 1364 849 1414 uiderint
866 1365 986 1419 cinerem.
1004 1366 1036 1417 lle·

351 1457 410 1507 queo
428 1439 505 1491 uerbis
523 1437 649 1507 consequi,
667 1437 781 1494 ludices,
800 1436 980 1507 indignitatem
993 1441 1034 1493 tei:

348 1510 393 1580 sed
408 1513 563 1583 negligentiis
577 1514 604 1562 id
615 1510 691 1580 sero,
712 1511 766 1579 quit
779 1529 823 1562 uos
839 1512 893 1563 mei
903 1532 957 1567 non
967 1514 1037 1582 intige-

351 1586 392 1636 tis.
413 1586 441 1638 V
438 1588 496 1650 ester
509 1587 570 1637 enim
585 1604 628 1637 vos
641 1585 730 1637 animus
746 1585 929 1639 amantissimus
939 1586 1037 1657 rtiptllr
1061 1626 1065 1631 -

352 1677 384 1709 ca
396 1659 473 1726 fheili
491 1662 592 1718 edocet,
615 1676 641 1710 ut
663 1676 732 1718 eum,
755 1657 794 1725 qui
809 1657 934 1724 fitrtunas
955 1660 1038 1713 mitt

350 1733 456 1785 uoluerit
467 1737 568 1802 prodere
580 1767 588 1792 ,
599 1733 744 1800 precipitem
751 1731 904 1799 perturbetis
913 1752 947 1786 tx
960 1733 1038 1787 satim

352 1821 422 1865 tate,
441 1825 508 1875 quam
524 1802 573 1873 ipse
586 1802 787 1874 spurcissimorum
805 1805 914 1868 ltostiunt
932 1807 1039 1860 desim

352 1876 446 1945 nesorio
462 1879 565 1930 uoluerit
583 1878 689 1929 obruere.

391 1952 439 2004 tx.
459 1954 488 2003 In
511 1952 629 2003 mediocri
650 1949 726 2020 figura
751 1952 894 2005 versabitur
920 1952 1041 2015 antimi

353 2027 427 2086 haec,
451 2038 479 2076 ut
497 2024 554 2076 anti
577 2026 644 2086 dixi,
663 2027 837 2092 aliquantulum
862 2027 1040 2087 demiseriuu.

354 2117 435 2166 neque
444 2112 526 2150 tamen
534 2100 564 2148 ad
573 2097 680 2150 infimum
688 2098 890 2153 descenderimus
903 2104 961 2162 ,sit
973 2120 982 2157 t
994 2101 1041 2177 Qui·

355 2172 448 2222 luscum
468 2172 554 2223 bellum
572 2173 691 2242 gerimus,
716 2169 830 2231 ludices,
860 2174 979 2239 νίάεὶςς
1003 2193 1042 2227 m

351 2243 444 2314 sociis,
461 2246 500 2314 qui
513 2265 558 2316 pro
575 2246 644 2297 nobis
657 2263 784 2314 pugnare,
806 2245 830 2295 G·
848 2247 980 2317 imperium
998 2268 1043 2301 stt·

356 2336 416 2370 trum
431 2317 548 2388 nobiscum
563 2320 634 2370 simul
645 2320 731 2370 uirtute
744 2319 766 2369 ὃν
779 2319 901 2382 industria
914 2321 1043 2393 confirm

351 2392 423 2464 soliti
434 2392 500 2460 sunt.
520 2394 557 2444 Hi
577 2412 644 2461 quum
650 2391 696 2461 st,
719 2393 741 2442 δ’
756 2411 811 2459 opes
828 2413 885 2445 suos
897 2431 908 2453 ,
926 2398 951 2449 Θ
964 2396 1045 2469 copie·

355 2467 533 2533 neceffnriorum
542 2482 630 2517 norunt
642 2484 651 2524 ,·
666 2481 714 2515 tunt
722 2466 778 2515 ueri
788 2466 949 2523 nihilominus
956 2486 1046 2541 propte!

354 2541 574 2608 propinquitatem,
587 2540 610 2588 ὁ
622 2539 723 2589 omnium
739 2557 813 2588 rerum
819 2537 971 2607 sotietatem
978 2578 988 2603 ,
1001 2544 1046 2613 quil

356 2614 381 2663 in
398 2611 502 2663 omnibus
518 2611 584 2662 rebus
592 2611 695 2680 populus
708 2611 940 2738 ΚοωαηαέὖμοῙῙιι,
971 2616 1045 2671 cino

357 2686 468 2749 estimare
482 2701 604 2753 poterant.
624 2684 661 2735 ffi
671 2718 679 2743 ,
698 2704 764 2753 quum
780 2687 820 2737 del
845 2686 954 2756 eraffent
973 2687 1047 2759 nolis-

357 2777 407 2809 eum
423 2758 509 2808 bellum
519 2777 618 2827 gerere,
634 2755 728 2828 queso,
741 2777 833 2827 queres
847 2778 901 2813 erat
915 2798 924 2824 ,
939 2766 990 2835 qud
994 2764 1047 2833 freti

356 2832 444 2883 bellum
455 2829 573 2901 suscipere
585 2849 744 2894 conarentur,
756 2852 823 2900 quum
836 2836 915 2889 multo
927 2840 1048 2906 maxine!

353 2903 472 2977 sociorum
491 2922 583 2976 partem
604 2906 628 2957 in
648 2905 728 2975 officio
750 2925 843 2959 manere
860 2910 1048 2984 intelligerent?

359 2999 427 3051 guum
441 2979 487 3036 sili
501 2999 549 3034 non
566 2981 739 3034 multitudinem
752 2982 874 3043 militum,
892 3004 946 3041 non
958 2988 1050 3041 idottot
