2400 4067
327 428 415 581 tp
534 451 839 559 onaiom

336 601 450 665 sumus:
469 603 520 668 sed
532 605 608 666 ordo
616 604 724 686 pedum
734 602 823 678 facit,
834 619 868 663 ut
876 599 929 676 id,
946 594 1018 683 'quod

337 689 557 766 pronuntiatur,
578 702 627 746 aut
640 686 777 745 orationis
790 727 801 758 ,
821 700 872 743 aut
884 684 1020 766 po'e'matis

339 765 431 826 simile
443 767 584 827 videatur.
701 782 703 786 ·

342 886 345 894 ·
382 845 451 906 228.
471 847 556 907 Hanc
573 849 657 928 igitur
677 847 738 906 sive
756 847 1020 925 compositionem

337 925 401 987 sive
418 927 648 1007 perfeeiionem,
673 928 735 986 sive
755 945 913 986 numerum
931 924 1023 986 vocati

338 1005 457 1087 placet,
478 1009 509 1067 &
523 1008 661 1067 adhibere
674 1003 786 1066 necetre
801 1002 867 1074 est,
881 1007 912 1065 oi
927 1003 1022 1065 ornate

339 1087 415 1146 velis
430 1087 545 1161 dicere,
563 1108 623 1146 non
637 1084 731 1146 solim
753 1085 851 1166 (quod
866 1089 906 1145 ait
920 1083 1023 1145 Aristo·

338 1166 412 1226 teles
427 1168 458 1227 &
469 1165 700 1249 Theophrastus)
719 1185 756 1226 ne
772 1165 887 1226 infinite
903 1165 1022 1238 feratur,

339 1261 373 1305 ut
397 1247 530 1322 flumen,
553 1249 667 1321 oratio,
698 1267 761 1328 quae
782 1268 845 1306 non
868 1263 919 1307 aut
936 1246 1022 1326 spirim

340 1333 570 1408 pronuntiantis,
590 1344 638 1388 aut
650 1327 813 1386 interduttu
832 1327 962 1400 librarii,
981 1323 1022 1386 sed

340 1427 465 1469 numero
493 1409 593 1487 coifia
621 1405 891 1479 debet.insistere;
929 1408 1021 1468 verim

341 1489 430 1549 etiam
449 1489 533 1570 quod
558 1488 649 1549 multo
669 1484 814 1565 majorem
834 1488 947 1548 habent
966 1504 1023 1568 apta

326 1570 424 1642 ινίιη,
443 1570 530 1650 quim
540 1567 642 1629 soluta.
672 1567 715 1628 Ut
726 1571 804 1627 enim
819 1567 964 1640 athletas,
979 1586 1022 1626 nec

340 1649 436 1709 niultb
453 1649 532 1710 secus
545 1649 718 1732 gladiatores
733 1649 870 1709 videmus
889 1648 963 1708 nihil
979 1667 1022 1706 nec

342 1729 465 1789 vitando
485 1729 582 1790 facete
597 1729 700 1801 calte,
718 1748 773 1788 nec
787 1729 927 1809 petendo
942 1729 1023 1790 vehe-

342 1826 476 1883 menter,
492 1813 521 1869 in
539 1831 598 1890 quo
614 1830 675 1868 non
688 1825 788 1867 motus
806 1809 854 1868 hic
867 1809 1023 1890 habeatpa·

327 1934 329 1939 η
342 1887 464 1949 laestram
481 1890 654 1969 quamdam3
667 1906 716 1960 ut,
732 1889 875 1970 quidquid
890 1893 922 1949 in
934 1891 975 1949 his
986 1911 1023 1949 te-

342 1966 396 2027 bus
414 1967 463 2028 fiat
481 1969 588 2029 utiliter
603 1969 640 2027 ad
658 1991 696 2048 pu
718 1990 804 2043 nam,
826 1971 911 2030 idem
929 1972 966 2030 ad
979 1970 1022 2029 ad-

341 2046 471 2129 speiium
481 2051 567 2110 etiam
578 2050 614 2108 sit
625 1990 778 2110 venui’tum
789 2070 797 2108 ε
818 2053 860 2110 sic
871 2055 967 2112 oratio
980 2069 1023 2110 nec

343 2128 459 2212 plagam
470 2150 588 2213 gravem
597 2128 682 2202 facit,
700 2131 754 2189 nisi
765 2133 873 2210 petitio
889 2132 945 2193 fuit
958 2130 1023 2213 ap'tu

343 2230 399 2270 nec
408 2209 470 2270 satis
480 2211 555 2270 teste
568 2210 690 2270 declinat
699 2212 866 2290 impetum,
889 2217 946 2273 nisi
955 2215 1023 2274 etiam

345 2290 376 2351 in
387 2292 521 2352 cedendo
532 2336 542 2364 ‚
559 2290 629 2371 quid
643 2290 763 2363 deceat,
774 2293 931 2375 intelligit.

345 2401 355 2409 ··
387 2391 455 2450 229
467 2370 587 2452 ltaque,
607 2370 696 2452 qualis
710 2390 816 2430 eorum
826 2392 953 2449 motus,
968 2392 1024 2454 quot

345 2457 516 2528 ἄσαλιίςρυς
529 2450 625 2512 Gtaeci
634 2468 759 2522 vocant,
771 2452 839 2511 talis
854 2454 964 2516 horum
972 2453 1026 2514 mihi
1060 2478 1063 2487 ·

344 2529 461 2590 videtur
478 2535 593 2602 oratio,
613 2534 660 2610 qui
677 2551 740 2590 non
757 2531 904 2594 claudunt
921 2533 1026 2596 nuni‘etit

344 2607 522 2670 sententias:
540 2613 709 2691 tannimque
720 2610 821 2687 abest,
841 2632 878 2675 ut
897 2616 988 2698 (quod
1000 2617 1026 2686 ii¹

344 2691 394 2770 qui
403 2691 460 2749 hoc
473 2708 520 2749 aut
533 2689 732 2772 magistrorum
747 2694 798 2752 ino
823 2694 878 2770 ia,
898 2715 948 2757 aut
961 2701 1028 2756 inve·

328 2771 385 2831 ,nii
402 2771 558 2844 tarditate,
584 2788 632 2831 aut
659 2772 764 2831 laboris
795 2714 870 2856 iigt
897 2800 960 2840 non
982 2747 1028 2838 itit

344 2848 477 2923 assecuti,
497 2849 589 2911 solent
614 2850 732 2933 dicere)
758 2859 1029 2920 enerveturoratio

345 2935 559 3012 compositione
570 2931 727 2993 verborum
737 2976 748 3005 ‚
757 2949 791 2992 ut
805 2935 897 2998 aliter
907 2943 939 3002 in
948 2955 1030 3004 canet
1047 2988 1051 3005 ,

346 3013 471 3097 impetus
483 3013 575 3090 ullus,
588 3033 643 3076 nee
652 3014 697 3077 vis
711 3010 771 3076 effe·
782 3019 901 3101 possit.
