2400 4067
700 722 820 773 AD
874 700 1404 773 HERENNIUM
1457 703 1534 771 L.
1583 705 1693 775 II.
1791 725 1893 805 49

598 820 748 872 Nunc
778 839 859 890 ego
881 835 929 885 tq
956 818 1014 871 ab
1026 816 1206 888 sumo
1218 819 1321 886 jam
1344 821 1559 871 detexam
1580 823 1797 874 exordio.

523 891 658 944 Item
686 895 905 945 vitiosum
927 893 1024 954 est,
1059 894 1191 961 quod
1221 895 1396 944 dicitur
1418 907 1588 945 contra
1617 894 1786 963 judicis
1809 916 1904 948 vo-

530 968 765 1018 luntatem
787 1003 802 1028 ,
833 979 915 1018 aut
934 984 1104 1018 eorum
1126 1001 1141 1026 ,
1181 967 1262 1034 qui
1281 967 1481 1018 audiunt
1499 1002 1514 1027 ,
1549 966 1582 1017 fi
1604 982 1685 1020 aut
1708 984 1865 1037 partes
1886 1006 1903 1031 ‚

523 1041 701 1106 quibus
729 1041 797 1091 ilii
826 1039 1016 1090 student
1034 1075 1049 1100 ,
1093 1053 1177 1090 aut
1214 1041 1434 1090 homines
1455 1075 1471 1099 ,
1511 1059 1632 1107 quos
1659 1044 1727 1093 illi
1765 1061 1904 1096 caros

520 1113 707 1163 habent
723 1146 745 1172 ,
779 1113 1014 1164 laedantur
1037 1147 1053 1173 ,
1088 1126 1172 1164 aut
1193 1114 1355 1182 aliquo
1376 1113 1648 1180 hujusmodi
1670 1117 1791 1167 vitio
1816 1119 1908 1168 lae-

524 1185 669 1237 datur
702 1187 937 1236 auditoris
970 1189 1211 1237 voluntas.
1251 1188 1376 1237 Item
1407 1187 1628 1238 vitiosum
1660 1189 1727 1239 est
1747 1223 1767 1249 ,
1806 1207 1906 1242 non

527 1275 698 1310 omnes
726 1276 804 1310 res
829 1257 1116 1311 confirmare
1135 1294 1153 1316 ,
1183 1276 1300 1327 quas
1326 1256 1571 1327 pollicitus
1591 1261 1654 1313 s'is
1677 1263 1726 1313 in
1754 1281 1903 1331 expo·

523 1332 722 1384 sitione.
750 1335 875 1384 Item
896 1333 1165 1384 verendum
1188 1335 1254 1383 est
1272 1369 1288 1392 ,
1319 1351 1386 1384 ne
1414 1334 1475 1384 de
1495 1333 1586 1384 aiia
1608 1353 1662 1386 re
1687 1336 1872 1388 dicatur
1887 1374 1904 1397 ‚

526 1423 672 1472 quum
702 1406 799 1456 alia
814 1407 879 1456 de
902 1423 955 1456 re
978 1408 1313 1458 controversia
1334 1407 1397 1458 sit
1413 1441 1430 1464 ‚
1467 1408 1612 1476 inque
1633 1409 1909 1477 hujusmodi

522 1479 647 1530 vitio
686 1479 1087 1531 considerandum
1114 1479 1181 1530 est
1209 1515 1224 1540 ,
1265 1499 1326 1532 ne
1359 1493 1443 1532 aut
1475 1482 1536 1531 ad
1572 1499 1674 1533 rem
1699 1484 1906 1537 addatur

523 1552 643 1620 quid
668 1588 684 1613 ,
731 1565 814 1604 aut
847 1555 1089 1620 quippiam
1122 1553 1182 1604 de
1221 1571 1275 1604 re
1315 1555 1632 1614 detrahatur3
1679 1570 1762 1608 aut
1797 1572 1906 1611 tota

528 1625 670 1676 causa
689 1638 870 1676 mutata
900 1627 950 1674 in
979 1627 1117 1676 aliam
1147 1627 1334 1676 causam
1355 1628 1604 1678 derivetur
1632 1645 1646 1679 t
1676 1632 1749 1681 uti
1779 1634 1906 1698 apud

526 1697 795 1749 Pacuvium
815 1697 1001 1748 Zethus
1023 1714 1131 1749 cum
1153 1698 1429 1763 Amphione
1447 1734 1464 1760 ,
1499 1719 1688 1767 quorum
1718 1719 1912 1756 contro-

526 1772 684 1821 versia
706 1790 838 1840 quum
860 1772 915 1822 dt
941 1771 1115 1822 musica
1135 1770 1321 1821 indulia
1339 1772 1404 1823 sit
1421 1807 1441 1830 ‚
1476 1770 1733 1841 disputacio
1754 1777 1803 1826 in
1817 1775 1907 1844 sa-

519 1845 716 1913 pientiae
732 1844 964 1896 rationem
980 1879 1000 1902 ‚
1037 1845 1084 1894 6·
1110 1845 1299 1895 virtutis
1324 1846 1579 1896 utilitatem
1600 1845 1904 1915 consumitur.

526 1918 650 1969 Item
673 1917 1073 1969 considemndum
1106 1917 1209 1978 est.,
1246 1936 1308 1969 ne
1339 1920 1465 1969 aliud
1486 1918 1776 1973 accusatoris
1809 1924 1906 1976 cri-

515 1992 721 2044 minatio
750 1991 999 2043 contineat
1024 2025 1041 2051 ,
1077 1992 1207 2042 aliud
1232 1993 1501 2044 defensoris
1533 1994 1656 2045 ratio
1686 2009 1861 2066 purget
1879 2015 1900 2058 5

529 2066 659 2132 quod
681 2066 806 2132 saepe
829 2064 1050 2117 consulto
1070 2067 1210 2116 multi
1236 2067 1296 2116 ab
1317 2083 1404 2117 reo
1426 2067 1612 2119 faciunt
1627 2103 1644 2125 ,
1677 2070 1901 2140 angustiis

527 2139 677 2190 causae
710 2139 861 2190 coaffi
898 2155 911 2189 τ
946 2140 1017 2189 uti
1041 2172 1056 2199 ,
1094 2139 1137 2189 si
1165 2140 1265 2206 quis
1287 2158 1420 2207 quum
1449 2138 1691 2208 accusetur
1720 2143 1899 2195 ambitu

512 2212 833 2281 magistratum
857 2211 1024 2281 petiffe
1047 2245 1063 2272 ,
1107 2211 1165 2261 ab
1201 2213 1556 2282 imperatoribus
1580 2212 1896 2284 saepenumero

512 2282 567 2351 se
596 2288 721 2354 apud
740 2286 992 2336 exercitum
1021 2287 1244 2336 donatum
1279 2286 1366 2352 effe
1387 2288 1534 2337 dicat.
1565 2289 1681 2339 Hoc
1708 2290 1748 2339 si
1782 2292 1899 2343 dili-

520 2372 694 2425 genter
714 2359 761 2408 in
788 2359 1165 2410 adversariorum
1196 2362 1414 2411 oratione
1438 2360 1850 2415 observaverimus
1876 2400 1894 2425 ,

514 2432 644 2497 saepe
675 2433 1093 2496 deprehendemus
1116 2466 1132 2491 ‚
1170 2434 1224 2484 ὅ(
1252 2435 1302 2482 in
1323 2433 1592 2499 hujusmodi
1626 2436 1899 2504 deprehen-

518 2506 658 2553 sione
692 2502 993 2553 ostendemus
1018 2537 1034 2562 ,
1067 2521 1155 2555 eos
1174 2505 1235 2554 de
1266 2523 1323 2554 ea
1343 2522 1396 2556 re
1427 2508 1541 2572 quid
1563 2508 1723 2559 dicant
1741 2544 1757 2569 ,
1790 2529 1893 2562 non

509 2577 713 2626 habere.

589 2664 681 2710 44.
713 2648 838 2698 Item
859 2646 1080 2698 vitiosum
1111 2646 1176 2697 est
1197 2680 1212 2704 ‚
1257 2660 1407 2699 artem
1430 2661 1513 2698 aut
1543 2649 1786 2703 scientiam
1810 2669 1896 2707 aut

509 2722 715 2774 studium
739 2721 996 2788 quodpiam
1015 2722 1290 2788 vituperare
1321 2737 1523 2788 propter
1545 2740 1711 2774 corum
1736 2729 1850 2778 vitia
1875 2765 1891 2789 ,

515 2797 597 2862 qui
624 2796 671 2845 in
701 2812 763 2845 eo
785 2795 936 2845 studio
961 2795 1066 2845 sunt
1094 2812 1107 2845 ε
1131 2796 1282 2845 veluti
1305 2831 1319 2855 ,
1353 2798 1432 2862 qui
1459 2799 1737 2849 rhetoricam
1759 2803 1886 2851 vitu-

506 2882 682 2936 perant
699 2902 716 2924 ,
741 2883 941 2936 propter
965 2868 1165 2931 alicujus
1197 2872 1402 2919 oratoris
1430 2873 1783 2938 vituperandam
1814 2880 1890 2925 vi.

511 2956 627 2990 tam.
658 2941 778 2989 Item
799 2941 1019 2990 vitiosum
1042 2942 1107 2991 est
1128 2977 1142 3001 ,
1176 2960 1236 2992 ex
1259 2961 1320 2992 eo
1342 2978 1355 3002 ,
1391 2947 1518 3009 quod
1542 2962 1793 3010 perperam
1818 2953 1887 2998 fa-

508 3015 639 3062 &um
670 3011 761 3062 effe
792 3014 976 3064 constat
1000 3049 1013 3073 ,
1046 3029 1214 3080 putare
1244 3017 1424 3066 ostendi
1450 3053 1462 3075 ,
1501 3037 1525 3065 a
1556 3037 1649 3083 quo
1687 3022 1881 3071 homine

508 3086 686 3136 suanm
710 3086 772 3134 est
792 3121 807 3144 ,
837 3088 931 3137 hoc
958 3090 1102 3138 modo
1128 3105 1142 3138 t
1168 3089 1411 3138 Mortuum
1436 3090 1740 3155 defhmnatnm
1765 3128 1777 3148 ‚
1813 3111 1881 3141 m-

502 3176 636 3208 more
660 3160 898 3223 praeditum
925 3196 937 3214 ‚
975 3162 1233 3210 coloratum
1250 3162 1390 3227 fuiffe
1421 3166 1616 3224 constat.
1650 3165 1777 3229 Ergo
1807 3186 1878 3213 r:-

506 3249 631 3285 txcno
661 3246 847 3279 necatus
874 3234 951 3295 est.
982 3235 1174 3285 Deinde
1192 3270 1205 3294 ,
1246 3238 1284 3287 si
1311 3238 1370 3288 sit
1395 3237 1539 3305 usque
1564 3237 1609 3284 in
1644 3254 1702 3282 eo
1737 3256 1877 3287 met-.-

583 3304 750 3356 Tomus
791 3302 831 3356 I.
1613 3308 1651 3357 C
