2400 4067
247 429 328 523 ‘546
444 427 744 495 onnon.

253 568 258 574 ·
293 559 363 622 ης.
383 537 431 600 Isti
442 557 538 600 autem
555 559 644 620 quum
654 537 817 598 dissolvunt
830 536 925 598 oratio*

250 641 341 695 nem,
359 623 389 680 in
408 642 463 701 qua
482 639 536 680 nec
555 639 618 694 res,
635 641 691 680 nec
710 619 838 679 verbum
850 619 927 677 ullum

252 699 315 774 est,
344 702 398 760 nisi
417 698 589 780 abjeaum3
619 720 679 759 non
704 699 865 780 clypeum,
888 695 928 757 sed
973 730 976 739 ·

250 799 284 841 ut
303 785 332 842 in
351 782 516 862 proverbio
530 777 571 840 est
589 777 657 859 (etsi
677 780 815 839 humiliis
836 777 929 837 dik‘mm

253 860 321 936 est,
353 879 452 921 tamen
478 861 571 921 simile
593 858 658 940 est)
691 857 820 940 scopas,
846 876 876 918 ut
899 858 931 916 ita

253 943 369 1015 dicam,
388 943 456 1001 mihi
476 941 613 1017 videntur
627 938 813 1000 dissolvere:
838 942 931 1020 atque,

254 1041 287 1081 ut
298 1023 382 1102 plane
400 1042 489 1104 genus
498 1022 572 1095 hoc,
588 1021 697 1102 quode
718 1041 742 1080 o
754 1019 863 1092 laudo,
877 1039 933 1077 con

254 1100 399 1182 tempsiffe
416 1101 595 1174 videantur,
622 1115 671 1161 aut
692 1040 819 1162 {ribam
840 1096 933 1179 aliquid

243 1182 305 1243 ¹vel
324 1181 471 1242 Isocrateo
489 1199 594 1254 more,
620 1181 673 1241 vel
693 1200 757 1261 quo
778 1178 934 1251 AEschines,

256 1279 306 1323 aut
323 1260 540 1323 Demosthenes
556 1263 665 1334 utitut3
688 1275 754 1320 tum
769 1260 838 1320 illos
855 1255 934 1320 existi

257 1344 346 1404 mabo
367 1364 429 1402 non
451 1340 651 1423 desperatione
669 1337 872 1400 formidaviffe
895 1359 936 1422 ge·

257 1444 311 1484 nus
325 1423 401 1496 hoc,
420 1421 471 1484 sed
489 1420 594 1481 'udicio
615 1419 771 1502 refugiffe:
799 1436 849 1481 aut
863 1439 936 1500 repe·

258 1507 351 1577 tiam,
368 1501 429 1584 ipss
444 1443 548 1563 eaiem
558 1501 731 1562 conditione
743 1503 794 1582 qui
804 1503 846 1560 uti
859 1502 938 1573 velit3

257 1600 290 1643 ut
300 1600 349 1643 aut
360 1583 455 1658 dicat,
469 1598 518 1642 aut
533 1581 635 1641 scribat
652 1580 719 1640 utra
732 1578 823 1643 voles
837 1581 937 1664 lingui,

259 1683 298 1725 eo
320 1683 449 1744 genere,
473 1683 532 1743 quo
552 1662 592 1721 ilii
608 1661 727 1721 volunt.
757 1660 884 1721 Facilius
906 1657 938 1721 est

259 1745 337 1804 enim
351 1761 419 1824 apta
430 1739 602 1817 diffolvete,
619 1741 709 1824 quim
727 1741 868 1823 dissipata
882 1761 940 1803 con·

249 1822 387 1884 nestero.
629 1848 633 1857 ’
785 1848 790 1859 ·

263 1934 265 1937 -
303 1902 373 1980 236.
391 1901 451 1962 Res
473 1917 570 1962 autem
588 1899 618 1961 se
635 1903 675 1961 sic
697 1899 818 1978 habet,
837 1919 871 1963 ut
884 1902 941 1962 bre·

259 1984 378 2045 vissime
402 1983 498 2044 dicam
520 1981 602 2065 quod
621 1980 739 2055 sentio,
768 1983 940 2066 eomposite,

263 2064 298 2124 &
314 2065 399 2145 apte,
419 2067 481 2123 sine
491 2061 635 2123 sententiis
645 2063 764 2135 dice-re,
777 2062 888 2125 insania
898 2060 940 2123 est:

262 2143 438 2206 sententiose
460 2160 557 2203 autem
578 2145 640 2202 sine
661 2143 842 2204 verborum·
863 2146 893 2205 &
907 2158 943 2202 ot·

264 2224 358 2298 dine,
385 2225 418 2284 &
436 2224 551 2297 modo,
572 2221 714 2295 infantia3
737 2222 791 2283 sed
815 2221 943 2304 ejusmodi

263 2321 364 2365 tamen
385 2303 527 2377 infantia,
552 2319 584 2360 ut
605 2303 640 2362 ei
662 2307 712 2382 qui
731 2319 879 2378 utantur,
899 2323 945 2364 non

265 2384 341 2445 stulti
353 2386 485 2445 homines
505 2384 604 2443 habeti
623 2385 760 2465 possint,
784 2388 879 2448 etiam
896 2385 945 2467 ple·

266 2485 387 2544 rumque
423 2465 574 2536 rudentes;
591 2484 650 2544 quo
664 2465 714 2543 qui
729 2462 773 2523 est
789 2483 946 2537 contentus,

254 2562 371 2604 utatur.
401 2487 551 2624 {loquens
568 2544 662 2615 verb,
691 2546 744 2623 qui
769 2566 838 2606 non
855 2567 946 2628 appro-

266 2627 399 2686 bationes
413 2623 525 2694 solinu,
537 2622 587 2684 sed
603 2622 842 2697 admirationes,
855 2629 947 2688 clamo

267 2726 333 2779 res,
362 2703 494 2784 plausus,
516 2709 538 2762 si
559 2705 665 2775 liceat,
694 2725 830 2768 movere
858 2710 948 2776 debet,

269 2786 406 2846 omnibus
428 2801 545 2867 oportet
562 2787 600 2843 ita
614 2785 700 2843 rebus
714 2787 869 2864 excellat,
888 2807 915 2848 ut
931 2788 950 2845 ei

269 2885 353 2946 turpe
368 2869 424 2938 sit,
445 2866 600 2948 quidquam
617 2881 666 2925 aut
682 2861 830 2949 speeiari,
853 2890 900 2933 aut
916 2888 952 2929 au·

270 2947 479 3010 dinlibentitn.
