2400 4067
236 465 528 531 Rarionrcsi
557 460 657 526 Lrn.
685 464 735 529 II.
795 465 869 556 289

181 598 264 639 rotas
277 580 299 635 is
307 618 319 650 -‚
332 581 381 658 qui
397 594 517 657 propter
532 575 774 638 Lacedaemonem
789 582 869 654 fluit,

183 664 227 720 ita
244 680 364 741 magnus
381 659 412 716 ὃ(
429 657 590 718 vehemens
606 657 695 718 sacius
712 657 771 734 est,
784 680 815 720 ut
832 682 870 722 eo

184 740 300 802 traduci
315 740 437 798 vittimae
454 738 533 797 nullo
550 739 642 798 modo
660 738 782 820 poffent.

227 842 280 902 97.
302 820 487 900 Redemptor
497 820 513 890 ‚⁶
522 817 580 878 suae
598 820 757 880 voluntatis
775 819 873 882 osten-

188 903 294 964 dendae
312 903 417 974 causa,
436 898 541 959 hostias
560 897 704 973 constituit
721 923 824 963 omnes
843 905 874 963 in

188 987 310 1057 littore,
328 1001 383 1055 ut,
401 984 449 1063 qui
467 999 544 1039 trans
568 982 677 1043 flumen
698 981 809 1057 effent,
828 986 876 1043 vi·

190 1067 261 1126 dere
277 1061 398 1145 poffent.
414 1062 515 1142 Quum
531 1083 634 1122 omnes
649 1061 742 1123 studio
755 1062 817 1144 ejus
831 1063 875 1123 su·

188 1149 280 1207 bitam
296 1146 419 1204 fluminis
433 1143 663 1224 magnitudinem
679 1143 781 1205 scirent
795 1145 875 1206 fuisse

189 1227 432 1309 impedimento,
452 1241 550 1284 tamen
572 1225 689 1305 quidam
707 1229 808 1308 capitis
829 1250 878 1287 ar-

192 1313 360 1370 cessierunt.
376 1305 504 1365 Intentio
520 1303 581 1377 est,
597 1305 724 1380 Hostiae,
737 1330 807 1388 quas
824 1309 879 1368 de-

192 1389 300 1461 buisti,
317 1386 352 1445 ad
369 1383 534 1444 sacrificium
552 1385 655 1465 praesto
674 1409 733 1446 non
751 1387 877 1450 fuerunt.

192 1468 342 1550 Depulsio
361 1464 422 1538 est,
439 1468 599 1524 concessio.
621 1465 734 1541 Ratio,
756 1469 880 1531 Flumen

192 1555 274 1614 enim
288 1547 380 1608 subito
395 1547 540 1616 accrevit,
555 1546 587 1604 ὅ(
603 1547 638 1606 ed
652 1568 683 1606 re
696 1548 805 1609 traduci
819 1573 881 1612 non

193 1647 364 1716 potuerunt.
385 1625 543 1686 Infirmatio
565 1625 630 1700 est,
648 1626 783 1704 Tamen,
801 1653 880 1713 quo·

195 1717 297 1782 niam,
317 1708 397 1791 quod
414 1708 461 1768 lex
478 1706 561 1787 jubet
579 1752 589 1781 ‚
607 1707 711 1769 facium
733 1732 793 1771 non
813 1710 881 1787 est;
961 1775 962 1780 χ

195 1793 337 1874 supplicio
357 1790 385 1848 di
407 1810 458 1848 nus
476 1810 516 1849 es.
532 1787 678 1848 Judicatio
696 1789 756 1866 est,
776 1792 880 1872 Quum

194 1879 279 1936 inea
297 1892 328 1932 re
346 1811 515 1950 redemptor
533 1887 636 1930 contra
656 1871 753 1954 lege-m
773 1875 881 1957 aliquid

195 1957 319 2028 fecerit,
358 1974 394 2011 ua
413 1953 442 2010 in
467 1972 497 2010 re
516 1949 611 2010 studio
633 1949 695 2032 ejus
716 1951 806 2015 subita
826 1959 882 2016 flu·

195 2038 282 2101 minis
304 2034 343 2095 ob
370 2035 445 2092 iterit
467 2033 637 2114 magnitudo
661 2077 671 2109 ,
702 2032 881 2117 supplicione

197 2121 227 2180 di
249 2140 300 2177 nus
317 2118 362 2174 sit.

229 2139 386 2258 ξίΧΧΙΙ.
408 2191 602 2252 Necessitudo
621 2211 721 2253 autern
741 2197 861 2260 infertur
870 2247 884 2273 ,

219 2300 289 2340 uum
306 2279 335 2336 vi
356 2273 481 2354 quadarn
499 2293 563 2331 reus
580 2273 634 2345 id,
658 2275 739 2352 quod
758 2277 884 2354 fecerit,

196 2305 294 2423 decide
315 2352 506 2423 defenditur,
528 2351 586 2410 hoc
607 2355 699 2410 modo
725 2374 732 2411 τ
758 2357 820 2417 Lex
843 2359 885 2420 est

198 2440 278 2522 apud
295 2435 429 2496 Rhodios
440 2478 450 2504 ‚
461 2448 513 2505 ut,
527 2434 550 2490 si
563 2453 619 2512 qua
632 2430 752 2493 rostrata
767 2440 796 2497 in
813 2462 886 2520 por·

200 2541 234 2582 tu
245 2521 324 2578 navis
335 2512 512 2596 deprehensa
523 2516 559 2572 sit
570 2558 580 2585 ‚
595 2513 767 2593 publicetur.
779 2520 883 2600 Quum

201 2623 307 2684 magna
321 2601 350 2657 in
367 2597 426 2656 alto
441 2592 596 2676 tempestas
613 2592 702 2668 estet,
718 2601 762 2658 vis
777 2622 886 2664 vento-

201 2704 286 2756 rum,
304 2682 399 2739 invitis
416 2680 508 2735 nautis
527 2722 536 2748 ‚
563 2675 747 2737 Rhodiorum
763 2685 792 2742 in
810 2709 885 2767 pos.

200 2786 265 2825 rum
280 2763 378 2821 navim
393 2761 498 2838 coigit.
514 2755 651 2837 Quaestor
667 2767 765 2822 navim
782 2769 886 2848 populi

201 2841 399 2905 vocat.Navis
410 2838 543 2897 dominus
552 2855 640 2918 negat
650 2840 788 2920 publicari
800 2870 887 2928 opor·

202 2943 275 2986 tere.
291 2920 418 2979 Intentio
435 2916 495 2989 est,
509 2917 643 2977 Rostrata
658 2927 738 2982 navis
753 2928 781 2983 in
798 2943 885 3007 portu

168 3079 170 3082 Ι
201 3000 380 3086 deprehensa
400 2995 450 3059 est.
476 2997 621 3079 Depulsio
642 2999 704 3074 est,
726 3012 886 3074 concessio.

246 3090 344 3148 Turnus
365 3084 389 3143 Ι.
735 3082 762 3144 N
