2400 4067
394 452 695 522 Oarron
808 470 885 551 μς

199 562 334 639 naturai,
363 564 413 626 sed
433 566 652 629 intervallorum
673 565 724 626 lon
745 586 829 625 orum
853 569 886 630 ὃ(

199 649 337 708 brevium
360 651 520 722 varietate,
545 648 648 729 quibus
670 585 815 728 implicata
842 665 889 705 ar·

144 726 146 734 '
200 748 258 808 que
277 725 413 809 permista
428 731 540 801 oratio,
557 730 696 809 quoniam
712 744 774 787 tum
783 723 888 788 stabilis

144 806 147 814 ’
201 806 262 883 est,
285 824 348 868 turn
367 809 527 883 volubilis,
550 807 662 871 necelle
685 806 726 869 est
744 806 888 887 ejusmodi

199 907 334 951 naturam
353 892 478 951 numeris
494 893 644 952 contineri.
683 888 762 950 Nam
783 890 888 949 circui·

200 986 247 1032 tus
268 970 339 1045 ille,
362 991 449 1053 quern
467 969 542 1053 saepe
563 969 623 1053 jam
646 970 788 1044 diximus,
810 970 886 1029 inci-

197 1054 286 1117 tatior
300 1073 422 1113 numero
433 1055 442 1111 i
463 1052 494 1114 so
503 1052 593 1115 fertur
604 1054 637 1114 ὃ(
649 1051 769 1127 labitur,
786 1052 885 1133 quoad

197 1135 352 1215 perveniat
373 1134 411 1193 ad
452 1155 540 1209 nem,
566 1134 599 1194 ὃ(
619 1132 735 1199 insistat.
769 1129 890 1213 Perspi÷

198 1235 286 1274 cuum
303 1211 470 1296 elligitur,
491 1216 618 1275 numeris
636 1212 796 1274 adstridam
817 1227 886 1275 ora⁴

196 1295 311 1356 tionem
322 1292 379 1357 elle
388 1295 514 1369 debere,
530 1315 626 1357 carere
640 1294 781 1356 versibus.

244 1373 310 1436 188.
330 1373 390 1435 Sed
410 1375 441 1435 hi
460 1378 572 1435 numeri
587 1376 734 1457 po'e'ticine
751 1376 826 1447 sint,
845 1395 883 1438 an

196 1474 234 1517 ex
251 1454 309 1515 alio
348 1475 435 1518 enere
451 1456 600 1537 quodam,
624 1455 763 1535 deinceps
776 1454 884 1515 viden-

195 1534 277 1596 dum.
333 1536 407 1595 ullus
422 1534 463 1597 est
477 1539 562 1619 igitur
575 1556 711 1596 numerus
721 1540 884 1617 extrapo'e'·

194 1616 291 1690 ticos,
307 1634 465 1698 propterea
479 1616 558 1699 qubd
573 1615 691 1677 delinita
700 1614 763 1676 sunt
772 1636 882 1701 genera

195 1718 403 1759 numerorum:
424 1719 491 1757 nam
505 1700 598 1757 omnis
609 1698 673 1757 talis
686 1695 747 1772 est,
766 1713 797 1756 ut
807 1703 881 1760 unus

195 1778 262 1840 site
281 1778 380 1841 tribus.
410 1777 465 1839 Pes
482 1780 581 1853 enim,
606 1781 655 1860 qui
673 1778 823 1839 adhibetur
842 1777 881 1844 ad

194 1879 356 1935 numeros,
381 1861 500 1939 partitur
517 1862 548 1922 iu
567 1860 638 1934 tria,
660 1875 692 1918 ut
713 1858 826 1921 necelle
843 1863 881 1926 sit

192 1959 308 2027 partem
317 1939 400 2026 pedis
412 1958 461 2002 aut
477 1941 618 2026 aqualem
629 1938 686 2004 elle
696 1940 778 2004 alteri
787 1944 880 2023 parti,

192 2040 243 2092 aut
255 2022 347 2083 altero
360 2037 462 2097 tanto,
479 2038 527 2082 aut
539 2021 628 2103 sesqui
646 2017 703 2082 esse
714 2017 856 2101 majorem
869 2043 879 2088 r

192 2104 234 2170 ita
252 2100 285 2163 fit
303 2102 419 2185 aequalis
443 2101 593 2185 dadylus‚
617 2102 723 2182 duplex
742 2103 877 2178 iambus,

191 2182 240 2248 ses
275 2186 284 2242 i
301 2205 404 2265 pae0n3
443 2186 471 2242 ui
485 2184 575 2263 pedes
592 2184 622 2241 in
638 2186 801 2244 orationem
817 2204 879 2253 non

192 2286 228 2329 ea
266 2285 298 2324 re
315 2266 364 2346 qui
383 2205 526 2346 poliunt?
549 2265 652 2346 quibus
670 2262 772 2323 ordine
793 2263 879 2323 loca-

189 2347 228 2406 tis
244 2363 257 2419 ·‚
283 2346 365 2428 quod
389 2344 537 2420 efficitur,
563 2341 754 2410 numerosum
768 2346 803 2405 sit
820 2364 881 2413 nn-¹

188 2422 264 2491 celle
278 2425 329 2491 est.
422 2460 424 2463 -
550 2454 553 2459 ·
875 2439 878 2444 ’

240 2506 306 2585 189.
330 2504 391 2569 Sed
413 2508 564 2589 quaritur,
590 2527 649 2591 quo
669 2523 808 2577 numero,
830 2520 879 2570 aut
950 2576 953 2579 ,

191 2588 295 2669 quibus
311 2589 493 2674 potissimum
509 2591 546 2649 sit
563 2588 715 2653 utendum.
746 2585 880 2652 Incidere

191 2670 267 2731 verb
281 2689 385 2729 omnes
398 2671 428 2732 in
441 2672 604 2732 orationem
614 2671 700 2734 etiam
713 2687 748 2728 ex
762 2668 819 2728 hoc
833 2668 880 2731 iu⁴

191 2748 285 2830 telligi
299 2747 413 2830 potest,
423 2750 503 2831 qubd
513 2749 610 2811 versus
620 2749 694 2832 saepe
704 2751 733 2807 in
744 2752 880 2816 oratione

192 2849 247 2912 per
265 2831 489 2911 imprudentiam
511 2831 655 2904 dicimus3
681 2830 760 2911 quod
783 2829 878 2889 vehe-

191 2927 309 2977 menter
322 2910 363 2972 est
375 2913 530 2973 vitiosum:
546 2910 597 2972 sed
610 2933 672 2970 non
684 2910 877 2987 attendimus,

190 3009 288 3078 neque
315 2992 484 3059 exaudimus
504 2989 707 3090 nosmetipsos·
740 2990 882 3090 Senarioa
