2400 4067
446 451 770 522 OflAroMAE.
869 472 943 547 373

266 567 349 640 lum,
368 565 518 629 sedetiam
530 569 569 628 ad
585 572 740 650 opiniones
756 589 879 642 eorum,
896 573 945 650 qui

264 649 405 725 audiunt,
425 650 678 710 accommodanda
695 648 737 710 est
755 651 870 710 oratio:
885 649 946 709 hoc

264 732 392 811 primiani
410 732 622 814 intelligamus,
639 731 792 793 hominum
812 730 872 790 duo
886 728 946 792 effe

263 831 401 892 genem
429 812 554 873 alterum
576 811 726 872 indoflum
752 813 785 872 ὃ(
900 831 948 886 e,

262 890 346 972 quod
364 891 508 953 anteferat
529 893 644 973 semper
661 895 816 954 utilitatem
855 889 946 953 ones-

262 975 317 1031 tati
325 993 337 1045 3
358 973 480 1032 alterum
490 973 649 1033 humanam
662 971 945 1056 &politum,quod
1007 994 1018 1002 “

262 1052 350 1113 rebus
360 1053 496 1113 omnibus
510 1053 682 1136 dignitatem
690 1072 862 1136 anteponat.
885 1053 945 1115 lta-

285 1153 322 1193 ue
348 1134 414 1193 huic
438 1136 540 1216 generi
569 1134 651 1209 laus,
675 1135 799 1210 honor,
827 1136 945 1218 gloria,

260 1154 498 1294 ddes,justitia,
516 1214 799 1297 omnisquevirms:
828 1218 870 1279 illi
888 1238 944 1277 au-

261 1311 326 1355 tem
343 1295 442 1370 alteri,
460 1295 604 1379 qtraefhis,
623 1298 856 1359 emolumentum
866 1297 945 1358 fruc·

260 1374 364 1457 tusque
378 1381 571 1459 proponitu13
581 1394 670 1458 atque
689 1380 778 1441 etiam
787 1379 942 1460 voluptas,

261 1477 328 1538 φη
341 1460 466 1518 maxime
484 1456 525 1519 est
539 1460 655 1521 inimica
672 1460 793 1533 virtuti,
813 1459 943 1540 bonique

261 1555 396 1598 naturam
425 1537 565 1599 fallaciter
598 1538 741 1600 imitando
771 1538 943 1613 adulterat;

260 1640 351 1701 quam
368 1622 589 1680 inunanissimus
608 1618 726 1758 ‹guisque
742 1621 880 1680 acerrime
897 1618 943 1680 se·

259 1702 380 1783 quirin,
400 1720 437 1761 ne
479 1698 606 1761 esolhm
641 1698 748 1760 onestis
765 1699 873 1775 rebus,
892 1699 944 1763 sed

261 1782 351 1842 etiam
365 1801 438 1842 nece
492 1783 508 1795 “’
534 1783 698 1862 anteponit.
930 1812 944 1842 .:

302 1859 419 1922 XXVI.
440 1860 476 1921 In
496 1861 665 1937 suadendo,
725 1883 775 1921 um
796 1864 824 1922 ei
843 1864 944 1945 generi

259 1943 414 2004 hominum
430 1945 582 2004 consilium
601 1945 652 2004 des
665 1990 675 2018 ,
686 1883 769 2025 (ἕψε
788 1941 855 2010 sane
877 1945 944 2005 lau·

260 2023 358 2090 danda
384 2022 425 2085 est
436 2046 446 2097 3
474 2025 506 2085 δι
526 2026 597 2085 illud
617 2024 804 2098 videndum,
831 2026 958 2107 quanti)-

259 2107 353 2188 magis
377 2105 512 2166 homines
537 2104 613 2165 mala
636 2104 767 2187 fugiant,
791 2106 878 2187 quim
897 2105 944 2167 fe·

258 2203 384 2268 quantur
404 2187 484 2248 bona
502 2207 519 2243 z·
538 2206 606 2244 nam
626 2205 722 2266 neque
743 2185 943 2247 honestatam

258 2283 424 2349 expetunt,
449 2265 537 2346 qu‘am
563 2263 695 2324 devitant
719 2268 823 2345 turpia.
864 2266 943 2346 Quis

258 2351 339 2409 enim
360 2349 528 2418 honorem,
571 2346 615 2404 uis
634 2345 776 2427 gloriam,
795 2348 857 2425 quis
877 2347 943 2406 lau-

259 2428 350 2503 dem,
366 2431 429 2511 quis
447 2427 538 2486 ullum
551 2366 644 2486 decus
659 2443 720 2485 tam
736 2446 873 2506 umquam
888 2447 943 2486 ex·

257 2527 359 2592 petat,
373 2509 459 2591 quam
471 2509 679 2591 ignominiam,
695 2505 861 2580 infamiam,
874 2529 945 2568 con·

257 2592 433 2664 tumeliam,
456 2589 584 2651 dedecus
603 2588 633 2648 fu
656 2591 694 2648 iat
714 2587 726 2647 ?
754 2608 874 2669 quarum
892 2610 943 2653 te-

256 2694 322 2732 rum
339 2671 425 2730 dolor
438 2672 532 2752 gravis
545 2668 595 2731 est.
629 2609 678 2729 Est
689 2690 779 2752 genus
789 2669 942 2731 hominum

256 2753 296 2811 ad
306 2749 488 2809 honestatem
506 2767 626 2823 natum,
648 2751 726 2810 malo
739 2751 819 2810 cultu
833 2750 944 2832 pravis·

256 2849 315 2908 que
330 2830 515 2906 opinionibus
534 2849 722 2909 corruptum:
744 2851 831 2910 quare
847 2834 876 2888 in
891 2852 944 2889 co-

257 2907 435 2979 hortando,
466 2924 552 2987 atque
577 2908 725 2969 suadendo
755 2912 941 2989 propositum

256 2986 377 3071 quidem
403 2986 487 3049 nobis
509 2990 561 3046 erit
580 2988 679 3062 illud,
707 3004 739 3048 ut
759 2989 942 3064 doceamus,
