<?xml version="1.0" encoding="UTF-8"?>
<!DOCTYPE html PUBLIC "-//W3C//DTD XHTML 1.0 Transitional//EN"
    "http://www.w3.org/TR/xhtml1/DTD/xhtml1-transitional.dtd">
<html xmlns="http://www.w3.org/1999/xhtml" xml:lang="en" lang="en">
 <head>
  <title>
</title>
<meta http-equiv="Content-Type" content="text/html;charset=utf-8" />
  <meta name='ocr-system' content='tesseract 3.04.00' />
  <meta name='ocr-capabilities' content='ocr_page ocr_carea ocr_par ocr_line ocrx_word'/>
</head>
<body>
  <div class='ocr_page' id='page_1' title='image "./mtulliiciceroni01lallgoog_0539.png"; bbox 0 0 2400 4067; ppageno 0'>
   <div class='ocr_carea' id='block_1_1' title="bbox 441 709 945 807">
    <p class='ocr_par' dir='ltr' id='par_1_1' title="bbox 441 709 945 807">
     <span class='ocr_line' id='line_1_1' title="bbox 441 709 945 807; baseline -0.01 -23"><span class='ocrx_word' id='word_1_1' title='bbox 441 709 754 784; x_wconf 68' lang='lat' dir='ltr'>onnon</span> <span class='ocrx_word' id='word_1_2' title='bbox 865 722 945 807; x_wconf 83' lang='lat'>537</span> 
     </span>
    </p>
   </div>
   <div class='ocr_carea' id='block_1_2' title="bbox 252 821 1020 3240">
    <p class='ocr_par' dir='ltr' id='par_1_2' title="bbox 252 821 1020 3240">
     <span class='ocr_line' id='line_1_2' title="bbox 256 821 945 910; baseline -0.003 -21"><span class='ocrx_word' id='word_1_3' title='bbox 256 821 337 910; x_wconf 66' lang='lat' dir='ltr'>quod</span> <span class='ocrx_word' id='word_1_4' title='bbox 355 825 452 910; x_wconf 82' lang='lat' dir='ltr'>plures</span> <span class='ocrx_word' id='word_1_5' title='bbox 472 822 577 888; x_wconf 75' lang='lat' dir='ltr'>lubeat</span> <span class='ocrx_word' id='word_1_6' title='bbox 593 826 741 908; x_wconf 81' lang='lat' dir='ltr'>syllabas,</span> <span class='ocrx_word' id='word_1_7' title='bbox 761 824 849 909; x_wconf 66' lang='lat' dir='ltr'>quim</span> <span class='ocrx_word' id='word_1_8' title='bbox 869 844 945 904; x_wconf 83' lang='lat' dir='ltr'>tres,</span> 
     </span>
     <span class='ocr_line' id='line_1_3' title="bbox 256 907 945 990; baseline 0.001 -22"><span class='ocrx_word' id='word_1_9' title='bbox 256 930 394 969; x_wconf 84' lang='lat' dir='ltr'>numerus</span> <span class='ocrx_word' id='word_1_10' title='bbox 415 932 432 970; x_wconf 87' lang='lat' dir='ltr'>a</span> <span class='ocrx_word' id='word_1_11' title='bbox 448 907 638 990; x_wconf 83' lang='lat' dir='ltr'>quibusdam,</span> <span class='ocrx_word' id='word_1_12' title='bbox 660 926 722 968; x_wconf 85' lang='lat' dir='ltr'>non</span> <span class='ocrx_word' id='word_1_13' title='bbox 741 929 794 990; x_wconf 88' lang='lat' dir='ltr'>pes</span> <span class='ocrx_word' id='word_1_14' title='bbox 811 907 945 970; x_wconf 75' lang='lat' dir='ltr'>habetur.</span> 
     </span>
     <span class='ocr_line' id='line_1_4' title="bbox 258 985 946 1072; baseline 0 -24"><span class='ocrx_word' id='word_1_15' title='bbox 258 987 308 1050; x_wconf 78' lang='lat' dir='ltr'>Est</span> <span class='ocrx_word' id='word_1_16' title='bbox 329 991 465 1072; x_wconf 85' lang='lat' dir='ltr'>quidem,</span> <span class='ocrx_word' id='word_1_17' title='bbox 485 1007 518 1048; x_wconf 92' lang='lat' dir='ltr'>ut</span> <span class='ocrx_word' id='word_1_18' title='bbox 530 991 605 1049; x_wconf 80' lang='lat' dir='ltr'>inter</span> <span class='ocrx_word' id='word_1_19' title='bbox 622 1008 726 1049; x_wconf 86' lang='lat' dir='ltr'>omnes</span> <span class='ocrx_word' id='word_1_20' title='bbox 742 985 853 1049; x_wconf 87' lang='lat' dir='ltr'>constat</span> <span class='ocrx_word' id='word_1_21' title='bbox 867 991 946 1055; x_wconf 74' lang='lat' dir='ltr'>anti-</span> 
     </span>
     <span class='ocr_line' id='line_1_5' title="bbox 280 1067 947 1150; baseline 0 -20"><span class='ocrx_word' id='word_1_22' title='bbox 280 1092 351 1144; x_wconf 86' lang='lat' dir='ltr'>uos,</span> <span class='ocrx_word' id='word_1_23' title='bbox 363 1070 566 1143; x_wconf 80' lang='lat' dir='ltr'>Atistotelem,</span> <span class='ocrx_word' id='word_1_24' title='bbox 581 1068 831 1150; x_wconf 76' lang='lat' dir='ltr'>Theophrastum,</span> <span class='ocrx_word' id='word_1_25' title='bbox 840 1067 947 1139; x_wconf 77' lang='lat' dir='ltr'>Thoo-</span> 
     </span>
     <span class='ocr_line' id='line_1_6' title="bbox 254 1091 945 1232; baseline 0.001 -23"><span class='ocrx_word' id='word_1_26' title='bbox 254 1091 397 1224; x_wconf 48' lang='lat' dir='ltr'>¹finitent,</span> <span class='ocrx_word' id='word_1_27' title='bbox 417 1151 676 1232; x_wconf 58' lang='lat' dir='ltr'>Ephorum-unus</span> <span class='ocrx_word' id='word_1_28' title='bbox 696 1153 856 1230; x_wconf 79' lang='lat' dir='ltr'>aptissimus</span> <span class='ocrx_word' id='word_1_29' title='bbox 876 1165 945 1211; x_wconf 76' lang='lat' dir='ltr'>ora·-</span> 
     </span>
     <span class='ocr_line' id='line_1_7' title="bbox 255 1227 946 1312; baseline 0.001 -21"><span class='ocrx_word' id='word_1_30' title='bbox 255 1232 331 1293; x_wconf 85' lang='lat' dir='ltr'>tioni</span> <span class='ocrx_word' id='word_1_31' title='bbox 352 1233 402 1293; x_wconf 82' lang='lat' dir='ltr'>vel</span> <span class='ocrx_word' id='word_1_32' title='bbox 421 1234 545 1306; x_wconf 78' lang='lat' dir='ltr'>orienti,</span> <span class='ocrx_word' id='word_1_33' title='bbox 558 1227 615 1292; x_wconf 74' lang='lat' dir='ltr'>¹vol</span> <span class='ocrx_word' id='word_1_34' title='bbox 632 1230 759 1295; x_wconf 68' lang='lat' dir='ltr'>medio:</span> <span class='ocrx_word' id='word_1_35' title='bbox 782 1247 885 1312; x_wconf 83' lang='lat' dir='ltr'>putant</span> <span class='ocrx_word' id='word_1_36' title='bbox 904 1231 946 1292; x_wconf 80' lang='lat' dir='ltr'>iiii</span> 
     </span>
     <span class='ocr_line' id='line_1_8' title="bbox 255 1311 944 1394; baseline -0.003 -21"><span class='ocrx_word' id='word_1_37' title='bbox 255 1316 347 1373; x_wconf 79' lang='lat' dir='ltr'>etiam</span> <span class='ocrx_word' id='word_1_38' title='bbox 361 1313 473 1374; x_wconf 86' lang='lat' dir='ltr'>cadenti</span> <span class='ocrx_word' id='word_1_39' title='bbox 485 1334 495 1386; x_wconf 81' lang='lat'>3</span> <span class='ocrx_word' id='word_1_40' title='bbox 516 1327 576 1394; x_wconf 88' lang='lat' dir='ltr'>quo</span> <span class='ocrx_word' id='word_1_41' title='bbox 589 1311 742 1372; x_wconf 57' lang='lat' dir='ltr'>ioco-&lt;mihi</span> <span class='ocrx_word' id='word_1_42' title='bbox 758 1312 874 1374; x_wconf 69' lang='lat' dir='ltr'>videtur</span> <span class='ocrx_word' id='word_1_43' title='bbox 887 1333 944 1393; x_wconf 64' lang='lat' dir='ltr'>ap*-</span> 
     </span>
     <span class='ocr_line' id='line_1_9' title="bbox 255 1392 1020 1475; baseline 0.007 -23"><span class='ocrx_word' id='word_1_44' title='bbox 255 1395 316 1452; x_wconf 83' lang='lat' dir='ltr'>tior</span> <span class='ocrx_word' id='word_1_45' title='bbox 332 1395 462 1455; x_wconf 79' lang='lat' dir='ltr'>creticus.</span> <span class='ocrx_word' id='word_1_46' title='bbox 487 1392 654 1455; x_wconf 76' lang='lat' dir='ltr'>Dochmius</span> <span class='ocrx_word' id='word_1_47' title='bbox 675 1409 772 1454; x_wconf 76' lang='lat' dir='ltr'>autem</span> <span class='ocrx_word' id='word_1_48' title='bbox 786 1396 945 1475; x_wconf 74' lang='lat' dir='ltr'>equinque</span> <span class='ocrx_word' id='word_1_49' title='bbox 1018 1431 1020 1434; x_wconf 95' lang='lat'>·</span> 
     </span>
     <span class='ocr_line' id='line_1_10' title="bbox 257 1469 945 1556; baseline 0.003 -23"><span class='ocrx_word' id='word_1_50' title='bbox 257 1473 401 1554; x_wconf 79' lang='lat' dir='ltr'>syllabis,</span> <span class='ocrx_word' id='word_1_51' title='bbox 430 1475 535 1548; x_wconf 82' lang='lat' dir='ltr'>brevi,</span> <span class='ocrx_word' id='word_1_52' title='bbox 562 1469 673 1534; x_wconf 82' lang='lat' dir='ltr'>duabus</span> <span class='ocrx_word' id='word_1_53' title='bbox 695 1473 812 1556; x_wconf 76' lang='lat' dir='ltr'>longis,</span> <span class='ocrx_word' id='word_1_54' title='bbox 838 1475 945 1549; x_wconf 83' lang='lat' dir='ltr'>brevi,</span> 
     </span>
     <span class='ocr_line' id='line_1_11' title="bbox 257 1553 945 1636; baseline 0.001 -22"><span class='ocrx_word' id='word_1_55' title='bbox 257 1554 369 1636; x_wconf 83' lang='lat' dir='ltr'>longa,</span> <span class='ocrx_word' id='word_1_56' title='bbox 387 1573 418 1614; x_wconf 92' lang='lat' dir='ltr'>ut</span> <span class='ocrx_word' id='word_1_57' title='bbox 436 1553 477 1615; x_wconf 85' lang='lat' dir='ltr'>est</span> <span class='ocrx_word' id='word_1_58' title='bbox 495 1555 575 1629; x_wconf 85' lang='lat' dir='ltr'>hoc,</span> <span class='ocrx_word' id='word_1_59' title='bbox 596 1556 712 1616; x_wconf 81' lang='lat' dir='ltr'><em>Amicos</em></span> <span class='ocrx_word' id='word_1_60' title='bbox 725 1573 818 1626; x_wconf 81' lang='lat' dir='ltr'>tenes,</span> <span class='ocrx_word' id='word_1_61' title='bbox 838 1555 945 1636; x_wconf 73' lang='lat' dir='ltr'>quovis</span> 
     </span>
     <span class='ocr_line' id='line_1_12' title="bbox 257 1633 945 1717; baseline 0.001 -22"><span class='ocrx_word' id='word_1_62' title='bbox 257 1635 326 1695; x_wconf 85' lang='lat' dir='ltr'>ioco</span> <span class='ocrx_word' id='word_1_63' title='bbox 341 1650 422 1717; x_wconf 85' lang='lat' dir='ltr'>aptus</span> <span class='ocrx_word' id='word_1_64' title='bbox 439 1633 499 1708; x_wconf 85' lang='lat' dir='ltr'>est,</span> <span class='ocrx_word' id='word_1_65' title='bbox 522 1635 591 1694; x_wconf 85' lang='lat' dir='ltr'>dum</span> <span class='ocrx_word' id='word_1_66' title='bbox 613 1634 702 1696; x_wconf 86' lang='lat' dir='ltr'>semel</span> <span class='ocrx_word' id='word_1_67' title='bbox 719 1653 864 1715; x_wconf 83' lang='lat' dir='ltr'>ponatur3</span> <span class='ocrx_word' id='word_1_68' title='bbox 882 1637 945 1696; x_wconf 67' lang='lat' dir='ltr'>ite*</span> 
     </span>
     <span class='ocr_line' id='line_1_13' title="bbox 257 1718 946 1798; baseline 0.006 -24"><span class='ocrx_word' id='word_1_69' title='bbox 257 1731 353 1791; x_wconf 83' lang='lat' dir='ltr'>ratus,</span> <span class='ocrx_word' id='word_1_70' title='bbox 379 1732 427 1774; x_wconf 81' lang='lat' dir='ltr'>aut</span> <span class='ocrx_word' id='word_1_71' title='bbox 451 1718 656 1790; x_wconf 84' lang='lat' dir='ltr'>continuatus,</span> <span class='ocrx_word' id='word_1_72' title='bbox 684 1736 836 1776; x_wconf 85' lang='lat' dir='ltr'>numerum</span> <span class='ocrx_word' id='word_1_73' title='bbox 858 1736 946 1798; x_wconf 84' lang='lat' dir='ltr'><strong>aper·</strong></span> 
     </span>
     <span class='ocr_line' id='line_1_14' title="bbox 254 1794 933 1878; baseline -0.001 -21"><span class='ocrx_word' id='word_1_74' title='bbox 254 1813 341 1870; x_wconf 82' lang='lat' dir='ltr'>tum,</span> <span class='ocrx_word' id='word_1_75' title='bbox 361 1797 393 1855; x_wconf 89' lang='lat'>&amp;</span> <span class='ocrx_word' id='word_1_76' title='bbox 407 1797 491 1854; x_wconf 88' lang='lat' dir='ltr'>nimis</span> <span class='ocrx_word' id='word_1_77' title='bbox 503 1797 647 1878; x_wconf 74' lang='lat' dir='ltr'>insignem</span> <span class='ocrx_word' id='word_1_78' title='bbox 659 1794 739 1857; x_wconf 77' lang='lat' dir='ltr'>facit.</span> <span class='ocrx_word' id='word_1_79' title='bbox 929 1814 933 1819; x_wconf 89' lang='grc'>·</span> 
     </span>
     <span class='ocr_line' id='line_1_15' title="bbox 254 1875 948 1958; baseline 0 -22"><span class='ocrx_word' id='word_1_80' title='bbox 254 1899 256 1903; x_wconf 95' lang='grc'><strong><em>·</em></strong></span> <span class='ocrx_word' id='word_1_81' title='bbox 300 1875 396 1936; x_wconf 89' lang='lat' dir='ltr'><strong>LXV.</strong></span> <span class='ocrx_word' id='word_1_82' title='bbox 417 1876 471 1934; x_wconf 91' lang='lat' dir='ltr'>His</span> <span class='ocrx_word' id='word_1_83' title='bbox 488 1878 574 1958; x_wconf 85' lang='lat' dir='ltr'>igitur</span> <span class='ocrx_word' id='word_1_84' title='bbox 589 1893 638 1936; x_wconf 87' lang='lat' dir='ltr'>tot·</span> <span class='ocrx_word' id='word_1_85' title='bbox 651 1875 948 1952; x_wconf 58' lang='lat' dir='ltr'>commutationibus,</span> 
     </span>
     <span class='ocr_line' id='line_1_16' title="bbox 252 1957 946 2041; baseline 0.001 -24"><span class='ocrx_word' id='word_1_86' title='bbox 252 1969 375 2038; x_wconf 71' lang='lat' dir='ltr'>tamque</span> <span class='ocrx_word' id='word_1_87' title='bbox 386 1958 471 2016; x_wconf 76' lang='lat' dir='ltr'>variis</span> <span class='ocrx_word' id='word_1_88' title='bbox 486 1959 509 2016; x_wconf 89' lang='lat' dir='ltr'>si</span> <span class='ocrx_word' id='word_1_89' title='bbox 521 1973 655 2030; x_wconf 79' lang='lat' dir='ltr'>utemur3</span> <span class='ocrx_word' id='word_1_90' title='bbox 673 1978 729 2018; x_wconf 86' lang='lat' dir='ltr'>nec</span> <span class='ocrx_word' id='word_1_91' title='bbox 738 1957 946 2041; x_wconf 72' lang='lat' dir='ltr'>deprehende·-</span> 
     </span>
     <span class='ocr_line' id='line_1_17' title="bbox 257 2035 947 2118; baseline 0.003 -21"><span class='ocrx_word' id='word_1_92' title='bbox 257 2055 304 2097; x_wconf 88' lang='lat' dir='ltr'>tur</span> <span class='ocrx_word' id='word_1_93' title='bbox 322 2035 494 2110; x_wconf 79' lang='lat' dir='ltr'>manifesto,</span> <span class='ocrx_word' id='word_1_94' title='bbox 523 2037 592 2118; x_wconf 88' lang='lat' dir='ltr'>quid</span> <span class='ocrx_word' id='word_1_95' title='bbox 614 2059 631 2097; x_wconf 87' lang='lat' dir='ltr'>a</span> <span class='ocrx_word' id='word_1_96' title='bbox 651 2039 736 2102; x_wconf 87' lang='lat' dir='ltr'>nobis</span> <span class='ocrx_word' id='word_1_97' title='bbox 753 2039 792 2098; x_wconf 84' lang='lat' dir='ltr'>de</span> <span class='ocrx_word' id='word_1_98' title='bbox 809 2037 947 2099; x_wconf 69' lang='lat' dir='ltr'>industria</span> 
     </span>
     <span class='ocr_line' id='line_1_18' title="bbox 258 2117 946 2201; baseline 0.001 -23"><span class='ocrx_word' id='word_1_99' title='bbox 258 2117 331 2192; x_wconf 81' lang='lat' dir='ltr'>fiat,</span> <span class='ocrx_word' id='word_1_100' title='bbox 351 2120 383 2180; x_wconf 89' lang='lat'>&amp;</span> <span class='ocrx_word' id='word_1_101' title='bbox 401 2136 569 2178; x_wconf 78' lang='lat' dir='ltr'>occurretur</span> <span class='ocrx_word' id='word_1_102' title='bbox 585 2117 715 2179; x_wconf 75' lang='lat' dir='ltr'>satietati.</span> <span class='ocrx_word' id='word_1_103' title='bbox 744 2117 782 2179; x_wconf 86' lang='lat' dir='ltr'>Et</span> <span class='ocrx_word' id='word_1_104' title='bbox 800 2121 946 2201; x_wconf 77' lang='lat' dir='ltr'>quianon</span> 
     </span>
     <span class='ocr_line' id='line_1_19' title="bbox 258 2198 945 2274; baseline 0.004 -16"><span class='ocrx_word' id='word_1_105' title='bbox 258 2219 381 2259; x_wconf 83' lang='lat' dir='ltr'>numero</span> <span class='ocrx_word' id='word_1_106' title='bbox 399 2198 492 2259; x_wconf 69' lang='lat' dir='ltr'>solnm</span> <span class='ocrx_word' id='word_1_107' title='bbox 513 2198 665 2260; x_wconf 60' lang='lat' dir='ltr'>numerosa</span> <span class='ocrx_word' id='word_1_108' title='bbox 685 2203 809 2274; x_wconf 80' lang='lat' dir='ltr'>oratio,</span> <span class='ocrx_word' id='word_1_109' title='bbox 840 2200 889 2261; x_wconf 92' lang='lat' dir='ltr'>sed</span> <span class='ocrx_word' id='word_1_110' title='bbox 909 2202 945 2261; x_wconf 87' lang='lat'>&amp;</span> 
     </span>
     <span class='ocr_line' id='line_1_20' title="bbox 258 2277 944 2361; baseline 0.004 -23"><span class='ocrx_word' id='word_1_111' title='bbox 258 2281 475 2360; x_wconf 77' lang='lat' dir='ltr'>compositione</span> <span class='ocrx_word' id='word_1_112' title='bbox 497 2277 550 2350; x_wconf 85' lang='lat' dir='ltr'>fit,</span> <span class='ocrx_word' id='word_1_113' title='bbox 578 2279 612 2339; x_wconf 73' lang='grc' dir='ltr'>ὅ(</span> <span class='ocrx_word' id='word_1_114' title='bbox 633 2299 740 2361; x_wconf 68' lang='lat' dir='ltr'>genere</span> <span class='ocrx_word' id='word_1_115' title='bbox 761 2280 861 2359; x_wconf 85' lang='lat' dir='ltr'>(quod</span> <span class='ocrx_word' id='word_1_116' title='bbox 877 2283 944 2357; x_wconf 63' lang='lat' dir='ltr'>ant&amp;</span> 
     </span>
     <span class='ocr_line' id='line_1_21' title="bbox 260 2358 945 2439; baseline 0.004 -22"><span class='ocrx_word' id='word_1_117' title='bbox 260 2358 365 2417; x_wconf 77' lang='lat' dir='ltr'>dittum</span> <span class='ocrx_word' id='word_1_118' title='bbox 389 2358 448 2439; x_wconf 82' lang='lat' dir='ltr'>est)</span> <span class='ocrx_word' id='word_1_119' title='bbox 475 2361 700 2420; x_wconf 86' lang='lat' dir='ltr'>concinnitatis:</span> <span class='ocrx_word' id='word_1_120' title='bbox 728 2380 796 2419; x_wconf 83' lang='lat' dir='ltr'>com</span> <span class='ocrx_word' id='word_1_121' title='bbox 818 2362 945 2436; x_wconf 59' lang='lat' dir='ltr'>ositioni}</span> 
     </span>
     <span class='ocr_line' id='line_1_22' title="bbox 259 2381 945 2519; baseline 0.006 -22"><span class='ocrx_word' id='word_1_122' title='bbox 259 2437 355 2519; x_wconf 89' lang='lat' dir='ltr'>potest</span> <span class='ocrx_word' id='word_1_123' title='bbox 379 2439 525 2519; x_wconf 81' lang='lat' dir='ltr'>intelligi,</span> <span class='ocrx_word' id='word_1_124' title='bbox 550 2458 640 2518; x_wconf 82' lang='lat' dir='ltr'>quum</span> <span class='ocrx_word' id='word_1_125' title='bbox 666 2439 705 2496; x_wconf 86' lang='lat' dir='ltr'>ita</span> <span class='ocrx_word' id='word_1_126' title='bbox 731 2381 834 2497; x_wconf 69' lang='lat' dir='ltr'>strutia&#39;</span> <span class='ocrx_word' id='word_1_127' title='bbox 854 2441 945 2501; x_wconf 74' lang='lat' dir='ltr'>verba</span> 
     </span>
     <span class='ocr_line' id='line_1_23' title="bbox 253 2517 946 2600; baseline 0.006 -22"><span class='ocrx_word' id='word_1_128' title='bbox 253 2519 342 2592; x_wconf 84' lang='lat' dir='ltr'>¹sunt,</span> <span class='ocrx_word' id='word_1_129' title='bbox 361 2535 393 2578; x_wconf 90' lang='lat' dir='ltr'>ut</span> <span class='ocrx_word' id='word_1_130' title='bbox 410 2537 545 2577; x_wconf 84' lang='lat' dir='ltr'>numerus</span> <span class='ocrx_word' id='word_1_131' title='bbox 565 2539 626 2593; x_wconf 85' lang='lat' dir='ltr'>non</span> <span class='ocrx_word' id='word_1_132' title='bbox 645 2521 798 2599; x_wconf 80' lang='lat' dir='ltr'>quaesitus,</span> <span class='ocrx_word' id='word_1_133' title='bbox 820 2517 870 2578; x_wconf 76' lang='lat' dir='ltr'>sed</span> <span class='ocrx_word' id='word_1_134' title='bbox 883 2520 946 2600; x_wconf 77' lang='lat' dir='ltr'>ipse</span> 
     </span>
     <span class='ocr_line' id='line_1_24' title="bbox 257 2596 943 2679; baseline 0.001 -20"><span class='ocrx_word' id='word_1_135' title='bbox 257 2599 368 2660; x_wconf 87' lang='lat' dir='ltr'>secutus</span> <span class='ocrx_word' id='word_1_136' title='bbox 389 2598 445 2659; x_wconf 81' lang='lat' dir='ltr'>effe</span> <span class='ocrx_word' id='word_1_137' title='bbox 467 2598 621 2671; x_wconf 84' lang='lat' dir='ltr'>videatur3</span> <span class='ocrx_word' id='word_1_138' title='bbox 642 2614 674 2656; x_wconf 86' lang='lat' dir='ltr'>ut</span> <span class='ocrx_word' id='word_1_139' title='bbox 695 2597 772 2679; x_wconf 80' lang='lat' dir='ltr'>apu&#39;d</span> <span class='ocrx_word' id='word_1_140' title='bbox 791 2596 943 2660; x_wconf 79' lang='lat' dir='ltr'>Cmffum:</span> 
     </span>
     <span class='ocr_line' id='line_1_25' title="bbox 258 2681 945 2751; baseline -0.003 -10"><span class='ocrx_word' id='word_1_141' title='bbox 258 2685 337 2742; x_wconf 87' lang='lat' dir='ltr'>Nam</span> <span class='ocrx_word' id='word_1_142' title='bbox 354 2682 401 2740; x_wconf 79' lang='lat' dir='ltr'>ubi</span> <span class='ocrx_word' id='word_1_143' title='bbox 418 2681 503 2740; x_wconf 84' lang='lat' dir='ltr'>libido</span> <span class='ocrx_word' id='word_1_144' title='bbox 517 2682 688 2751; x_wconf 74' lang='lat' dir='ltr'>dominatur,</span> <span class='ocrx_word' id='word_1_145' title='bbox 708 2681 868 2738; x_wconf 70' lang='lat' dir='ltr'>innocencio</span> <span class='ocrx_word' id='word_1_146' title='bbox 885 2682 945 2740; x_wconf 81' lang='lat' dir='ltr'><em>leve</em></span> 
     </span>
     <span class='ocr_line' id='line_1_26' title="bbox 254 2759 949 2845; baseline -0.001 -25"><span class='ocrx_word' id='word_1_147' title='bbox 254 2765 414 2845; x_wconf 63' lang='lat' dir='ltr'>praesidium</span> <span class='ocrx_word' id='word_1_148' title='bbox 429 2765 469 2842; x_wconf 95' lang='grc' dir='ltr'>ιβ.</span> <span class='ocrx_word' id='word_1_149' title='bbox 495 2759 582 2820; x_wconf 91' lang='lat' dir='ltr'>Ordo</span> <span class='ocrx_word' id='word_1_150' title='bbox 601 2761 678 2819; x_wconf 86' lang='lat' dir='ltr'>enim</span> <span class='ocrx_word' id='word_1_151' title='bbox 689 2760 847 2821; x_wconf 75' lang='lat' dir='ltr'>verborum</span> <span class='ocrx_word' id='word_1_152' title='bbox 859 2759 949 2820; x_wconf 73' lang='lat' dir='ltr'>efficit</span> 
     </span>
     <span class='ocr_line' id='line_1_27' title="bbox 258 2841 945 2922; baseline -0.001 -20"><span class='ocrx_word' id='word_1_153' title='bbox 258 2863 412 2903; x_wconf 85' lang='lat' dir='ltr'>numerum</span> <span class='ocrx_word' id='word_1_154' title='bbox 431 2845 493 2900; x_wconf 88' lang='lat' dir='ltr'>sine</span> <span class='ocrx_word' id='word_1_155' title='bbox 511 2841 568 2900; x_wconf 84' lang='lat' dir='ltr'>ulla</span> <span class='ocrx_word' id='word_1_156' title='bbox 589 2858 688 2922; x_wconf 81' lang='lat' dir='ltr'>aperta</span> <span class='ocrx_word' id='word_1_157' title='bbox 707 2844 828 2901; x_wconf 70' lang='lat' dir='ltr'>oratoris</span> <span class='ocrx_word' id='word_1_158' title='bbox 845 2841 945 2901; x_wconf 86' lang='lat' dir='ltr'>indus-</span> 
     </span>
     <span class='ocr_line' id='line_1_28' title="bbox 258 2920 947 3003; baseline -0.001 -21"><span class='ocrx_word' id='word_1_159' title='bbox 258 2925 322 2984; x_wconf 87' lang='lat' dir='ltr'>tria.</span> <span class='ocrx_word' id='word_1_160' title='bbox 349 2921 448 3003; x_wconf 81' lang='lat' dir='ltr'>Itaque</span> <span class='ocrx_word' id='word_1_161' title='bbox 467 2923 490 2979; x_wconf 89' lang='lat' dir='ltr'>si</span> <span class='ocrx_word' id='word_1_162' title='bbox 506 2943 568 3001; x_wconf 90' lang='lat' dir='ltr'>quae</span> <span class='ocrx_word' id='word_1_163' title='bbox 591 2939 707 2982; x_wconf 86' lang='lat' dir='ltr'>veteres</span> <span class='ocrx_word' id='word_1_164' title='bbox 726 2923 766 2981; x_wconf 90' lang='lat' dir='ltr'>illi</span> <span class='ocrx_word' id='word_1_165' title='bbox 791 2920 947 3001; x_wconf 87' lang='lat' dir='ltr'>(Herodo-</span> 
     </span>
     <span class='ocr_line' id='line_1_29' title="bbox 258 3000 945 3080; baseline -0.001 -19"><span class='ocrx_word' id='word_1_166' title='bbox 258 3020 322 3061; x_wconf 89' lang='lat' dir='ltr'>tum</span> <span class='ocrx_word' id='word_1_167' title='bbox 341 3002 404 3060; x_wconf 91' lang='lat' dir='ltr'>dico</span> <span class='ocrx_word' id='word_1_168' title='bbox 422 3002 453 3060; x_wconf 90' lang='lat'>&amp;</span> <span class='ocrx_word' id='word_1_169' title='bbox 466 3000 696 3079; x_wconf 83' lang='lat' dir='ltr'>Thucydidem,</span> <span class='ocrx_word' id='word_1_170' title='bbox 716 3020 865 3080; x_wconf 74' lang='lat' dir='ltr'>totamque</span> <span class='ocrx_word' id='word_1_171' title='bbox 880 3025 945 3062; x_wconf 80' lang='lat' dir='ltr'>eam</span> 
     </span>
     <span class='ocr_line' id='line_1_30' title="bbox 259 3080 945 3160; baseline 0 -20"><span class='ocrx_word' id='word_1_172' title='bbox 259 3080 388 3159; x_wconf 80' lang='lat' dir='ltr'>aetatetn)</span> <span class='ocrx_word' id='word_1_173' title='bbox 407 3082 494 3159; x_wconf 59' lang='lat' dir='ltr'>apti,</span> <span class='ocrx_word' id='word_1_174' title='bbox 516 3081 726 3160; x_wconf 67' lang='lat' dir='ltr'>numerosoque</span> <span class='ocrx_word' id='word_1_175' title='bbox 742 3084 873 3140; x_wconf 80' lang='lat' dir='ltr'>dixerunt</span> <span class='ocrx_word' id='word_1_176' title='bbox 883 3104 891 3154; x_wconf 90' lang='lat'>;</span> <span class='ocrx_word' id='word_1_177' title='bbox 911 3104 945 3140; x_wconf 83' lang='lat' dir='ltr'>ea</span> 
     </span>
     <span class='ocr_line' id='line_1_31' title="bbox 259 3161 945 3240; baseline 0.004 -22"><span class='ocrx_word' id='word_1_178' title='bbox 259 3181 321 3218; x_wconf 87' lang='lat' dir='ltr'>non</span> <span class='ocrx_word' id='word_1_179' title='bbox 340 3180 461 3219; x_wconf 75' lang='lat' dir='ltr'>numero</span> <span class='ocrx_word' id='word_1_180' title='bbox 479 3162 619 3240; x_wconf 80' lang='lat' dir='ltr'>quaesito,</span> <span class='ocrx_word' id='word_1_181' title='bbox 641 3161 690 3222; x_wconf 81' lang='lat' dir='ltr'>sed</span> <span class='ocrx_word' id='word_1_182' title='bbox 705 3162 861 3224; x_wconf 80' lang='lat' dir='ltr'>verbosum</span> <span class='ocrx_word' id='word_1_183' title='bbox 881 3164 945 3221; x_wconf 88' lang='lat' dir='ltr'>col-</span> 
     </span>
    </p>
   </div>
   <div class='ocr_carea' id='block_1_3' title="bbox 257 3241 825 3385">
    <p class='ocr_par' dir='ltr' id='par_1_3' title="bbox 257 3241 825 3385">
     <span class='ocr_line' id='line_1_32' title="bbox 257 3241 785 3381; baseline -0.004 -79"><span class='ocrx_word' id='word_1_184' title='bbox 257 3242 406 3303; x_wconf 78' lang='lat' dir='ltr'>iocatione</span> <span class='ocrx_word' id='word_1_185' title='bbox 427 3241 601 3305; x_wconf 80' lang='lat' dir='ltr'>ceciderunt.</span> <span class='ocrx_word' id='word_1_186' title='bbox 761 3321 785 3381; x_wconf 74' lang='lat' dir='ltr'><strong>Z</strong></span> 
     </span>
     <span class='ocr_line' id='line_1_33' title="bbox 804 3345 825 3385; baseline 0 0"><span class='ocrx_word' id='word_1_187' title='bbox 804 3345 825 3385; x_wconf 82' lang='lat' dir='ltr'>v</span> 
     </span>
    </p>
   </div>
   <div class='ocr_carea' id='block_1_4' title="bbox 0 0 1205 4067">
    <p class='ocr_par' dir='ltr' id='par_1_4' title="bbox 0 0 1205 4067">
     <span class='ocr_line' id='line_1_34' title="bbox 0 0 1205 4067; baseline 0 0"><span class='ocrx_word' id='word_1_188' title='bbox 0 0 1205 4067; x_wconf 95' lang='lat' dir='ltr'> </span> 
     </span>
    </p>
   </div>
  </div>
 </body>
</html>
