2400 4067
309 493 405 594 ζμ
516 496 819 566 OnAron
1053 502 1058 533 ⁸

324 615 408 688 sunt,
435 614 522 675 rebus
542 615 669 696 ignotis,
691 628 761 672 nota
784 615 936 686 nomina3
966 612 1010 673 sei

326 716 419 777 quum
435 696 527 755 verba
537 711 586 754 aut
600 691 744 754 suavitatis
755 712 804 753 aut
813 698 924 775 inopiae
933 695 1010 754 causi

246 778 251 792 '
327 773 482 836 transferre
499 774 665 849 soleamus,
688 777 718 833 in
742 776 880 834 omnibus
909 772 1010 834 hocft
1052 788 1058 897 ι

324 855 460 928 artibus,
489 872 548 930 ut,
566 875 658 936 quum
677 854 709 912 id
731 854 942 935 appellandum
966 857 1011 926 sit,
1055 904 1058 933 ,

323 935 410 1016 quod
421 934 1012 1075 propterrerumissnorationemipsatum
1054 974 1057 979 -

324 1017 442 1075 nussutn
463 1016 594 1077 habuerit
616 1037 653 1076 an
703 1035 840 1089 nomen,
866 1017 1014 1076 necessitas
1054 1038 1057 1059 =

323 1112 419 1177 cogat
440 1112 489 1157 aut
515 1118 628 1158 novum
647 1094 743 1157 facere
762 1095 917 1171 verbum,
939 1111 1015 1159 autc
1053 1068 1058 1189 I

330 1177 416 1236 simili
425 1179 556 1237 mutuari.
1054 1192 1058 1221 Ξ

327 1316 329 1321 .
375 1254 488 1317 LXIII.
505 1256 578 1336 Quo
591 1271 689 1316 autem
700 1255 786 1336 patto
799 1254 907 1316 deceat
917 1256 1016 1328 incise,

333 1336 557 1398 membratimve
569 1336 644 1410 dici,
658 1334 717 1415 jam
728 1336 915 1397 videbimus:
933 1357 1018 1408 nunc,

334 1431 409 1499 quot
431 1418 528 1478 modis
550 1431 698 1479 mutentur
722 1417 1017 1496 comprehensiones,

328 1496 610 1581 conclusionesque,
627 1496 784 1557 dicendum
797 1493 848 1557 est.
874 1497 953 1557 Fluit
965 1519 1020 1559 om

329 1580 408 1647 nino
419 1599 555 1641 numerus
568 1601 585 1639 a
597 1580 694 1659 ptimo
707 1579 948 1651 minutatius,
962 1580 1021 1638 bre·

326 1661 428 1721 -v-itate
452 1658 583 1740 pedum,
612 1675 675 1719 tum
690 1659 873 1738 proceritate
898 1659 1020 1718 tardius:

330 1739 448 1809 ,cursum
459 1741 669 1810 contentiones
686 1740 778 1820 magis
788 1739 964 1820 requirunt3
978 1759 1022 1800 ex·

335 1822 500 1902 positiones
516 1840 631 1894 rerum,
650 1818 824 1879 tarditatem.
853 1817 962 1880 Insistit
978 1840 1024 1878 au·

330 1917 399 1959 tem
408 1901 530 1960 ambitus
538 1901 633 1961 modis
641 1899 787 1978 pluribus,
800 1899 932 1978 equibus
943 1921 1023 1961 unum

339 1977 381 2040 est
395 1980 489 2038 secuta
502 1977 573 2038 Asia
586 1981 731 2052 maxime,
750 1981 799 2060 qui
810 1979 971 2041 dichoreus
979 2003 1025 2042 vo·

332 2078 441 2131 catur,
462 2081 551 2141 quum
567 2060 627 2119 duo
642 2062 764 2120 extremi
781 2058 886 2119 chorei
902 2060 987 2136 sunt,
1001 2060 1025 2121 id

333 2139 400 2214 est,
418 2142 563 2222 esingulis
573 2141 686 2222 longis,
705 2140 734 2199 &
749 2139 915 2201 brevibus:
938 2141 1026 2223 expla-

335 2221 471 2287 nandum
479 2220 520 2284 est
529 2219 939 2302 euim‚qubdabaliis.iidem
947 2223 1027 2305 pedet

339 2302 401 2365 aliis
413 2300 769 2366 nominanturvocabutis.
854 2361 857 2366 .

386 2401 454 2462 213.
475 2381 639 2441 Dichoreus
653 2403 712 2440 non
723 2379 770 2443 ,est
784 2380 836 2443 ille
848 2383 977 2462 quidem
991 2382 1029 2444 sut

337 2463 445 2544 ¹sponte
462 2461 580 2525 vitiosus
594 2464 624 2525 in
638 2461 786 2534 clausulis,
803 2459 854 2525 sed
876 2466 910 2523 in
928 2468 1031 2527 oratio·

244 2562 246 2566 ·
342 2547 388 2604 nis
406 2563 528 2606 nurnero
546 2542 615 2602 nihil
634 2539 674 2605 est
690 2558 749 2605 tam
768 2541 933 2619 vitiosum,
954 2545 1030 2626 quiin

343 2626 368 2682 si
389 2623 502 2704 semper
522 2621 562 2682 est
582 2622 672 2682 idern.
710 2620 799 2682 Cadit
818 2640 925 2686 autem
943 2624 1032 2706 perse

335 2704 393 2765 ¹ille
404 2702 463 2784 ipse
477 2702 630 2784 praelate,
651 2703 709 2782 qub
729 2702 818 2765 etiam
835 2701 958 2765 satietas
980 2705 1032 2765 fot⁴

344 2783 481 2846 midanda
498 2781 538 2843 est
556 2786 657 2864 magis.
684 2781 737 2843 Me
752 2779 844 2845 stante
862 2781 905 2846 C.
923 2784 1032 2856 Carbo,

347 2863 386 2925 C.
395 2863 486 2936 filius,
499 2863 627 2925 tribunus
638 2862 748 2944 plebis,
762 2864 792 2923 in
806 2869 963 2928 concione
978 2867 1032 2928 dut

345 2944 390 3007 his
401 2944 494 3005 verbis
505 2965 512 3004 t
530 2949 662 3006 OMarce
671 2943 780 3023 Druse,
791 2963 907 3023 patrem
920 2948 1033 3030 appello.

347 3025 419 3090 Haec
441 3025 558 3116 quidem
579 3024 639 3088 duo
657 3023 730 3087 binis
752 3023 883 3105 pedibus
903 3029 1034 3093 incisim:
