2400 4067
264 401 325 455 an
351 382 619 453 Heus-:urceum
645 388 686 451 L.
711 384 785 455 IV.
834 404 884 478 9¹

198 503 372 574 imperatores,
390 522 438 554 non
443 502 566 573 pecuniam
574 502 695 569 publicam
702 503 786 572 prusti
796 502 840 572 effe
853 506 890 556 ui·

199 579 307 630 derent?
322 597 371 629 non
387 578 484 645 denique
496 575 571 626 ullam
584 594 652 633 rem,
670 595 718 644 quae
728 578 850 645 pertineat
858 579 892 628 ad

199 652 288 703 bellum
308 651 535 716 administrandum?
550 650 579 700 Si
597 668 648 699 cum
657 650 770 720 finitimis
785 653 814 702 de
826 652 891 721 fini-

200 726 243 775 lus
259 725 344 776 bellurn
366 741 474 795 gererent
495 723 543 783 ,·si
559 739 634 773 totum
657 740 773 775 certamen
795 726 821 775 in
843 744 891 777 una

197 800 285 867 pratia
298 800 402 868 positam
410 806 524 867 putarent
536 814 544 847 :
557 813 635 848 tarnen
648 798 753 849 omnibus
769 798 837 849 rebus
852 800 891 850 in·

193 873 329 936 strulliores
339 906 346 932 ‚
356 890 384 923 ac
396 873 531 941 paratiores
541 872 648 921 venirent
658 891 667 932 ,·
678 875 761 923 nedum
771 873 835 922 illud
844 873 891 923 im-

195 948 289 1016 perium
299 946 363 997 orbis
378 962 465 1004 terra,
485 946 522 995 cui
537 946 635 1014 imperio
646 964 725 997 omnes
737 961 838 1015 gentes,
854 964 890 997 re·

196 1037 260 1089 ges,
280 1020 406 1077 nationes,
420 1020 510 1088 partim
525 1018 568 1075 ui,
583 1020 672 1086 partim
687 1020 811 1070 voluntate
829 1038 891 1071 can-

194 1090 319 1160 senserim
330 1128 339 1151 ‚
358 1112 425 1162 quum
440 1109 483 1142 aut
495 1093 565 1143 armis
577 1126 585 1148 ,
603 1109 645 1142 aut
658 1092 805 1143 liberalitate
817 1112 833 1142 a
840 1112 890 1161 po·

197 1167 258 1234 pulo
269 1167 378 1218 Romano
383 1164 490 1236 superati
502 1165 591 1233 effent,
607 1168 639 1215 ad
652 1164 680 1235 se
697 1164 824 1233 transferre
835 1182 888 1217 tan·

199 1240 259 1289 tulis
268 1240 356 1290 uiribus
374 1257 522 1290 sanarentur.
536 1239 632 1311 Quaret
643 1241 737 1307 aliquis.
779 1241 820 1289 uid
831 1240 887 1290 Fre·

198 1314 311 1381 gellani,
324 1331 372 1363 non
384 1310 430 1379 sud
446 1309 532 1381 [ponte
551 1313 633 1361 conati
648 1310 724 1378 funt?
744 1313 783 1362 Eo
797 1314 889 1379 quidem

199 1386 278 1436 minis
296 1385 334 1448 isti
343 1382 420 1452 facili
434 1399 592 1441 conarentur,
609 1384 672 1451 qud,
689 1385 729 1435 illi
743 1388 888 1453 quemadmo-

199 1462 254 1508 dum
265 1460 392 1509 descissent
403 1492 411 1519 ,
422 1457 542 1509 ridebunt.
558 1458 623 1508 Nam
633 1476 707 1509 rerum
717 1459 821 1527 imperiti
831 1494 838 1519 ,
849 1460 889 1527 qui

198 1530 374 1601 unichujusque
388 1534 424 1584 rei
440 1534 469 1582 de
484 1531 551 1583 rebus
567 1529 623 1581 anti
634 1532 704 1601 gestis
718 1533 827 1601 exempla
843 1549 890 1602 pe-

198 1621 249 1657 tere
266 1625 315 1658 non
329 1604 442 1675 poffltnt,
469 1607 488 1655 ii
506 1623 552 1674 per
575 1607 753 1673 imprudentiam
769 1604 890 1673 facillimi

199 1681 345 1730 deducuntur
364 1681 389 1729 in
403 1679 536 1747 fraudent:
553 1694 579 1728 at
594 1679 614 1728 ii
623 1713 633 1736 ,
653 1680 693 1747 qui
714 1676 812 1747 sciunt,
833 1680 891 1747 quid

198 1754 255 1804 aliis
273 1754 404 1810 acciderit,
419 1750 470 1820 suis
491 1752 623 1804 rationibus
638 1750 733 1821 poffunt
749 1754 887 1821 prouidere.

198 1827 280 1879 Nulld
289 1827 362 1897 igitur
376 1845 401 1877 re
418 1827 524 1883 induc‘ii,
541 1826 611 1877 ncclld
621 1822 664 1895 spe
677 1825 738 1894 freti
754 1846 819 1878 amsa
831 1823 889 1898 sus·

197 1898 323 1951 tulerunt?
347 1899 407 1973 Quis
415 1901 458 1950 lac
467 1902 547 1951 credat
557 1935 565 1959 ,
576 1915 669 1950 tantam,
677 1901 801 1951 amentiam
812 1919 888 1969 quern·

197 1992 266 2041 quam
288 1972 403 2041 tenuiffc,
424 1989 451 2023 ut
469 1974 588 2042 imperium
604 1974 690 2042 populi
709 1974 813 2024 Romani
831 1990 887 2025 ten-

197 2063 249 2097 tare
267 2048 381 2102 auderet,
405 2047 478 2096 nullis
498 2046 573 2114 copiis
586 2044 687 2112 ftteus?
708 2047 775 2117 Ergo
795 2048 890 2116 aliquid

192 2119 264 2187 ficiffe
282 2118 369 2184 neceffe
383 2119 424 2181 est.
440 2119 505 2190 Quid
519 2120 607 2176 aliud,
622 2120 669 2170 nisi
683 2121 727 2177 id,
740 2123 803 2190 qued
812 2123 864 2173 dico
874 2156 887 2180 ,

215 2190 350 2257 otesteffe?

194 2211 212 2260 p
237 2264 271 2313 X.
290 2265 318 2313 ln
332 2273 459 2312 attenuato
472 2260 553 2329 figurae
570 2278 681 2328 genere,
698 2266 764 2331 quod
784 2266 814 2314 ad
832 2266 887 2316 infi-

198 2354 280 2395 mum,
296 2338 322 2388 &
346 2335 512 2402 quotidianum
538 2335 672 2386 sermonem
694 2336 815 2389 demissum
832 2339 887 2399 est,

197 2412 247 2461 hoc
266 2411 313 2460 erit
331 2411 478 2474 exemplum.
502 2408 587 2467 Nam,
605 2424 632 2457 ut
644 2408 711 2476 sorti
730 2410 767 2459 hic
786 2410 887 2470 inbal-

196 2502 253 2534 neas
262 2483 341 2541 venit,
355 2482 425 2549 capit
435 2516 443 2536 ,
454 2482 575 2549 postquam
583 2479 691 2550 perfusus
700 2482 748 2544 est,
762 2482 884 2550 defi-icari.

196 2558 313 2612 Deinde,
327 2554 367 2605 uhi
383 2551 456 2621 uisum
466 2555 518 2617 est,
535 2571 562 2605 ut
574 2555 599 2605 in
614 2554 705 2606 alueum
717 2553 882 2622 descenderet,

195 2649 250 2684 eece
264 2630 298 2680 ili
312 2630 353 2693 iste
368 2630 396 2680 dt
411 2624 555 2694 transverso,
569 2628 654 2686 Heus,
674 2628 768 2697 inquit,
786 2632 845 2682 adal
853 2631 883 2700 j:-

196 2722 269 2760 ctns,
286 2703 355 2771 putri
371 2702 407 2752 tut'
424 2702 494 2754 modi
506 2719 540 2753 me
555 2699 728 2771 pulsaverunt,
742 2701 884 2773 satisfacias

196 2792 300 2845 oportet.
313 2775 380 2834 Hic,
398 2776 437 2843 qui
451 2777 478 2825 id
492 2776 568 2827 atatis
583 2775 613 2825 ab
630 2777 711 2844 ignata
726 2794 813 2844 prater
822 2797 883 2829 con-

192 2849 338 2917 suetudinem
355 2850 488 2917 appellatus
507 2848 583 2918 effet,
609 2849 708 2899 erubuit.
730 2849 776 2913 Iste
793 2850 884 2905 clariis

195 2926 295 2990 emm,
313 2922 337 2975 ἃ
353 2922 404 2975 alia
421 2923 497 2978 dicere
515 2923 593 2996 capit.
612 2922 662 2979 llic
677 2922 719 2977 ria
734 2926 827 2979 tandem
840 2924 884 2999 1123
