2400 4067
446 505 738 573 ToprcA.
848 520 925 597 405

264 623 280 637 ''
294 636 339 699 19.
357 616 408 678 Ab
421 618 658 680 antecedentibus
675 637 792 693 autem,
808 618 841 679 δι
855 616 928 680 'c'on-

245 700 449 782 sequentibus‚
461 701 492 760 ὃ(
501 702 743 783 repugnantibus,
753 701 809 760 hoc
820 700 928 759 modo:

248 780 301 843 Ab
316 780 573 854 antecedentibus,
598 780 628 840 Si
648 783 702 840 viri
721 782 806 862 culpi
822 779 929 839 fadum

249 861 293 923 est
309 861 486 935 divortium,
508 864 561 920 etsi
577 862 680 921 mulier
695 863 831 921 nuntium
843 863 932 920 remi-

251 946 307 1016 sit,
325 958 424 1003 tamen
438 944 492 1021 pru
507 942 604 1002 liberis
615 962 735 1003 manere
753 942 823 1001 nihil
840 952 932 1022 opor·

248 1034 304 1084 tet.

295 1120 344 1161 20.
358 1099 388 1161 A
399 1100 653 1183 consequentibus:
670 1100 701 1162 Si
710 1102 826 1174 mulier,
841 1122 931 1199 puum

250 1180 517 1263 fuiss'etnupta'cunr
527 1203 585 1255 eo,
602 1185 718 1265 quicum
731 1184 870 1243 connubii
886 1181 931 1262 jus

251 1274 315 1324 n'on
334 1261 421 1336 esset,
434 1266 565 1322 nuntium
583 1266 711 1336 remisit3
728 1266 866 1345 quoniam
882 1266 932 1345 qui

251 1346 315 1405 nati
326 1342 406 1418 sunt,
424 1362 536 1424 patrem
558 1362 619 1401 non
632 1343 808 1424 sequuntur,
827 1365 881 1425 pro
896 1346 934 1403 li-

252 1425 332 1486 beris
345 1444 463 1485 manere
476 1424 545 1482 nihil
554 1440 683 1502 oportet.
826 1490 829 1495 Ι

265 1532 276 1542 ·
287 1524 345 1565 21.
367 1503 395 1565 A
409 1524 439 1564 re
461 1504 633 1585 ugnantibus
651 1525 657 1561 :
672 1501 712 1562 ·Si
726 1500 932 1583 paterfamilias

252 1587 339 1645 uxori
364 1526 531 1645 ancilibrum
557 1582 761 1642 usumfruttum
787 1584 895 1664 legavit
917 1605 939 1665 α,

254 1664 340 1741 titio,
367 1684 462 1746 neque
479 1686 504 1723 ·a
525 1663 653 1723 secundo
675 1662 783 1723 herede
803 1664 934 1745 legavit,

254 1764 374 1807 mortuo
385 1744 445 1805 filio
460 1744 560 1805 mulier
572 1743 774 1805 usumfrudium
783 1765 843 1804 non
853 1744 938 1805 amit·-

255 1844 325 1890 tet:
352 1826 435 1909 quod
458 1828 534 1885 enim
554 1823 644 1885 semel
661 1823 834 1885 testamento
852 1826 936 1885 alicui

256 1909 355 1969 datum
367 1904 424 1981 est,
437 1906 467 1965 id
478 1906 513 1964 ab
528 1927 565 1966 eo
577 1908 689 1979 invito,
708 1910 752 1965 cui
765 1906 864 1965 datum
876 1906 935 1980 est,

256 1988 361 2049 auferri
384 2009 445 2047 non
458 1985 552 2067 potest
571 2008 577 2044 :
605 2005 746 2067 repugnat
763 1990 841 2063 enim
858 1988 935 2048 rede

256 2071 413 2149 accipere,
433 2069 464 2127 ὃ(
477 2068 599 2127 invitum
612 2067 746 2126 reddere.

301 2169 348 2208 22.
372 2148 421 2207 Ab
443 2146 632 2207 efficientibus
646 2149 735 2205 causis
749 2146 805 2204 hoc
823 2146 936 2207 modo:

259 2229 408 2291 Omnibus
421 2225 462 2287 est
475 2224 519 2304 jus
530 2227 671 2305 parietem
687 2224 824 2283 diredium
838 2226 874 2283 ad
889 2247 941 2306 pa-

258 2313 363 2371 rietem
386 2325 574 2387 ¹communem
592 2303 773 2385 adjungere,
800 2303 851 2364 vel
870 2304 941 2364 soli-

261 2390 351 2463 dum,
365 2391 415 2450 vel
429 2387 620 2447 fornicatum:
639 2400 667 2443 at
682 2384 776 2463 siquis
789 2385 819 2441 in
852 2387 941 2446 ariete

261 2464 412 2531 communi
429 2466 617 2529 demoliendo
640 2465 737 2523 damni
754 2405 852 2523 insedii
869 2486 943 2545 pro-

260 2550 388 2622 miserit,
406 2570 466 2609 non
481 2548 600 2608 debebit
611 2544 742 2635 praestare
755 2544 835 2625 quod
847 2543 942 2607 fornix

262 2633 327 2693 vitii
341 2628 463 2689 fecerit:
483 2650 543 2687 non
558 2631 636 2688 enim
651 2624 712 2704 ejus
725 2626 816 2698 vitio,
834 2629 882 2707 qui
895 2627 958 2687 de·'

262 2712 383 2772 molitus
394 2708 455 2779 est,
476 2709 613 2788 damnum
625 2705 732 2771 fadum
746 2703 805 2778 est,
821 2704 871 2765 sed
882 2705 945 2787 ejus

264 2791 364 2869 operis
380 2790 475 2858 vitio,
493 2788 574 2867 quod
587 2790 627 2845 ita
641 2784 812 2845 aedificatum
831 2784 891 2859 est,
913 2805 945 2846 ut

266 2865 399 2948 suspendi
409 2886 469 2922 non
480 2863 594 2944 posset·
620 2896 623 2901 ·
672 2894 676 2899 ·

312 2965 361 3025 23.
394 2943 443 3003 Ab
473 2942 580 3003 effetus
609 2944 719 3015 rebus,
745 2943 803 3002 hoc
828 2942 947 3002 modo:

269 3027 374 3110 Quum
398 3025 500 3086 mulier
518 3025 583 3083 viro
600 3023 630 3081 in
648 3042 768 3084 manum
787 3024 948 3096 convenit,
