2400 4067
269 488 559 554 Rnnronrcn
589 482 694 552 Lrn.
722 483 751 552 I.
805 482 878 574 187

192 602 248 662 tria
271 619 400 683 genera,
421 598 591 681 publicum,
615 618 795 676 commune,
817 602 881 661 sin·

191 683 302 768 gulare.
328 680 479 742 Publicurn
501 676 564 753 est,
585 679 667 763 quod
690 683 790 742 civitas
810 683 879 741 uni·

190 762 274 830 versa
287 762 382 845 aliqua
400 762 437 822 de
456 757 537 821 causa
554 759 736 844 ftequentat,
753 778 784 822 ut
798 760 879 837 ludi,
894 810 897 815 .

192 844 255 906 dies
270 841 376 917 festus,
389 841 508 905 bellum.
522 839 714 917 Commune,
733 842 815 924 quod
829 863 881 904 ac-

192 925 264 986 cidit
287 926 424 986 omnibus
446 923 554 985 eodem
575 921 637 983 fere
659 939 820 1005 tempore,
844 940 879 986 ut

192 1008 312 1082 messis,
323 1006 490 1078 vindemia,
506 1003 605 1079 calor,
617 1003 715 1087 frigus.
728 1003 879 1090 Singulare

191 1104 291 1149 autem
306 1084 366 1161 est,
387 1086 468 1169 quod
486 1086 580 1168 aliqua
593 1086 631 1147 de
642 1083 725 1145 causa
741 1087 879 1169 privatim

192 1167 266 1232 solet
289 1168 374 1230 alicui
396 1167 549 1239 accidere,
567 1183 599 1227 ut
622 1188 661 1227 nu
684 1170 751 1241 tiae,
770 1165 879 1231 sacrifi·

192 1251 291 1323 cium,
309 1247 418 1325 funus,
440 1249 629 1323 convivium,
648 1189 776 1309 lllmnus.

214 1327 878 1424 41.Modusautemest‚inquo,quemadmo·

192 1411 285 1486 dunt,
300 1412 333 1473 &
345 1432 405 1494 quo
421 1413 519 1472 animo
536 1407 707 1485 faciumsrt,
724 1413 875 1494 quaeritur:

192 1490 258 1572 ejus
271 1509 371 1633 Butes
390 1491 473 1566 sunt,
489 1490 691 1572 prudentia&
707 1492 879 1574 impruden-

191 1576 244 1634 tia.
293 1574 433 1634 rudentiae
459 1590 558 1633 autem
581 1573 656 1632 ratio
680 1574 815 1655 quaeritur
840 1594 878 1636 ex

191 1655 247 1730 iis,
268 1675 334 1735 quae
359 1655 453 1728 clam,
476 1654 596 1736 palam,
616 1655 670 1728 vi,
690 1652 877 1736 persuasione

191 1734 306 1798 fecerit.
331 1734 531 1818 Imprudentia
552 1752 650 1795 autem
673 1735 702 1794 in
725 1739 880 1820 purgatio·

191 1838 261 1878 nem
280 1816 449 1892 confertur,
468 1815 548 1897 cujus
564 1835 661 1898 partes
679 1814 742 1876 sunt
758 1817 879 1880 inscien-

191 1901 250 1973 tia,
269 1897 369 1974 casus,
385 1902 564 1971 necessitas3
583 1899 616 1960 &
638 1900 668 1960 in
688 1896 874 1964 offellionem

192 1982 300 2055 animi,
314 1980 373 2041 hoc
392 1978 452 2054 est,
472 1977 635 2040 molestiam
646 2025 661 2056 ,
675 1982 873 2056 iracundiam,

190 2081 345 2134 amorem,
360 2062 393 2123 &
408 2078 525 2134 cetera,
619 2063 648 2122 in
666 2061 750 2120 simili
765 2084 875 2147 genere

190 2143 350 2204 versantur.
363 2142 527 2203 Facultates
555 2158 628 2215 unt,
646 2159 694 2202 aut
710 2145 813 2224 quibus
829 2143 877 2205 fa-

190 2224 272 2285 cilius
294 2221 347 2295 fit,
367 2239 417 2283 aut
435 2222 496 2282 sine
517 2221 621 2304 quibus
640 2220 748 2305 aliquid
768 2223 876 2289 confici

189 2324 253 2366 non
291 2299 377 2365 otest.

233 2324 379 2442 xllvlll.
396 2376 577 2461 Adjunllum
593 2396 692 2441 autem
711 2384 833 2464 negotio
843 2382 876 2446 id

190 2463 377 2547 intelligitur,
394 2462 475 2546 quod
487 2458 600 2542 majus,
612 2461 645 2524 ὅ(
660 2461 742 2543 quod
760 2465 875 2541 minus,

192 2545 326 2628 &quod
351 2547 445 2609 simile
469 2547 523 2607 erit
545 2545 574 2608 ei
589 2545 735 2626 negotio,
754 2566 814 2628 quo
834 2545 875 2610 de

190 2629 308 2711 agitur,
326 2627 358 2688 &
375 2627 457 2714 quod
474 2626 556 2710 aeque
567 2646 727 2707 magnum,
742 2627 775 2688 &
791 2626 875 2710 quod

189 2712 388 2783 contrarium,
408 2711 440 2770 &
454 2708 535 2791 quod
553 2706 752 2794 disparatum,
772 2709 804 2772 &
817 2730 874 2798 ge-

190 2811 265 2865 nus,
286 2791 319 2852 δι
336 2812 422 2870 pars,
437 2792 471 2854 ὃ(
486 2807 623 2854 eventus.

231 2890 282 2945 42.
301 2868 426 2949 Maius,
453 2872 486 2931 ὃ(
508 2873 628 2943 minus,
652 2870 685 2932 &
707 2871 790 2953 aequa
809 2891 875 2932 ma·

190 2971 299 3036 gnum,
313 2970 349 3010 ex
363 2953 416 3023 vi,
431 2952 464 3013 δι
481 2973 517 3014 ex
533 2972 677 3026 numero,
696 2952 729 3011 &
749 2971 785 3011 ex
802 2950 873 3036 figu-

188 3053 222 3094 ra
238 3033 368 3117 negotii,
386 3034 458 3094 sicut
470 3052 506 3095 ex
523 3031 628 3096 statura
644 3033 873 3118 corporis2cou·
