<?xml version="1.0" encoding="UTF-8"?>
<!DOCTYPE html PUBLIC "-//W3C//DTD XHTML 1.0 Transitional//EN"
    "http://www.w3.org/TR/xhtml1/DTD/xhtml1-transitional.dtd">
<html xmlns="http://www.w3.org/1999/xhtml" xml:lang="en" lang="en">
 <head>
  <title>
</title>
<meta http-equiv="Content-Type" content="text/html;charset=utf-8" />
  <meta name='ocr-system' content='tesseract 3.04.00' />
  <meta name='ocr-capabilities' content='ocr_page ocr_carea ocr_par ocr_line ocrx_word'/>
</head>
<body>
  <div class='ocr_page' id='page_1' title='image "./mtulliiciceroni01lallgoog_0051.png"; bbox 0 0 2400 4067; ppageno 0'>
   <div class='ocr_carea' id='block_1_1' title="bbox 652 662 1855 761">
    <p class='ocr_par' dir='ltr' id='par_1_1' title="bbox 652 662 1855 761">
     <span class='ocr_line' id='line_1_1' title="bbox 652 662 1855 761; baseline -0.002 -20"><span class='ocrx_word' id='word_1_1' title='bbox 652 686 780 743; x_wconf 68' lang='lat' dir='ltr'>AD</span> <span class='ocrx_word' id='word_1_2' title='bbox 828 666 1361 742; x_wconf 69' lang='lat' dir='ltr'>Hssnmvmvn</span> <span class='ocrx_word' id='word_1_3' title='bbox 1410 666 1491 739; x_wconf 89' lang='lat' dir='ltr'>L.</span> <span class='ocrx_word' id='word_1_4' title='bbox 1539 662 1655 737; x_wconf 80' lang='grc' dir='ltr'>ΙΙ.</span> <span class='ocrx_word' id='word_1_5' title='bbox 1753 680 1855 761; x_wconf 83' lang='lat'>25</span> 
     </span>
    </p>
   </div>
   <div class='ocr_carea' id='block_1_2' title="bbox 481 787 1886 3125">
    <p class='ocr_par' dir='ltr' id='par_1_2' title="bbox 481 787 1876 2249">
     <span class='ocr_line' id='line_1_2' title="bbox 481 787 1856 862; baseline -0.004 -18"><span class='ocrx_word' id='word_1_6' title='bbox 481 789 585 861; x_wconf 54' lang='lat' dir='ltr'>qua</span> <span class='ocrx_word' id='word_1_7' title='bbox 611 805 748 862; x_wconf 88' lang='lat' dir='ltr'>parte</span> <span class='ocrx_word' id='word_1_8' title='bbox 778 792 926 853; x_wconf 84' lang='lat' dir='ltr'>anni,</span> <span class='ocrx_word' id='word_1_9' title='bbox 968 790 1061 860; x_wconf 58' lang='lat' dir='ltr'>qua</span> <span class='ocrx_word' id='word_1_10' title='bbox 1091 788 1259 841; x_wconf 67' lang='lat' dir='ltr'>hora·</span> <span class='ocrx_word' id='word_1_11' title='bbox 1289 788 1472 848; x_wconf 73' lang='grc' dir='ltr'>ιιοέὶιι,</span> <span class='ocrx_word' id='word_1_12' title='bbox 1513 805 1574 838; x_wconf 88' lang='lat' dir='ltr'>an</span> <span class='ocrx_word' id='word_1_13' title='bbox 1605 787 1856 840; x_wconf 83' lang='lat' dir='ltr'><strong>interdiu.</strong></span> 
     </span>
     <span class='ocr_line' id='line_1_3' title="bbox 482 860 1860 934; baseline -0.004 -17"><span class='ocrx_word' id='word_1_14' title='bbox 482 866 587 933; x_wconf 64' lang='lat' dir='ltr'>qui</span> <span class='ocrx_word' id='word_1_15' title='bbox 615 867 745 926; x_wconf 88' lang='lat' dir='ltr'>diei,</span> <span class='ocrx_word' id='word_1_16' title='bbox 780 867 874 934; x_wconf 61' lang='lat' dir='ltr'>qui</span> <span class='ocrx_word' id='word_1_17' title='bbox 902 866 1055 916; x_wconf 71' lang='grc' dir='ltr'>ιιοξὶίε</span> <span class='ocrx_word' id='word_1_18' title='bbox 1084 863 1208 915; x_wconf 61' lang='lat' dir='ltr'>hora</span> <span class='ocrx_word' id='word_1_19' title='bbox 1233 863 1408 913; x_wconf 67' lang='lat' dir='ltr'>fastum</span> <span class='ocrx_word' id='word_1_20' title='bbox 1430 860 1523 912; x_wconf 85' lang='lat' dir='ltr'>effe</span> <span class='ocrx_word' id='word_1_21' title='bbox 1554 862 1772 921; x_wconf 87' lang='lat' dir='ltr'>dicatur,</span> <span class='ocrx_word' id='word_1_22' title='bbox 1805 860 1860 912; x_wconf 73' lang='grc' dir='ltr'>δι</span> 
     </span>
     <span class='ocr_line' id='line_1_4' title="bbox 483 934 1864 1015; baseline -0.004 -26"><span class='ocrx_word' id='word_1_23' title='bbox 483 955 580 990; x_wconf 73' lang='lat' dir='ltr'>cur</span> <span class='ocrx_word' id='word_1_24' title='bbox 612 939 846 1006; x_wconf 85' lang='lat' dir='ltr'>ejusmodi</span> <span class='ocrx_word' id='word_1_25' title='bbox 877 938 1192 1007; x_wconf 83' lang='lat' dir='ltr'>temporibus.</span> <span class='ocrx_word' id='word_1_26' title='bbox 1231 934 1448 1015; x_wconf 81' lang='lat' dir='ltr'>Spatium</span> <span class='ocrx_word' id='word_1_27' title='bbox 1479 935 1546 984; x_wconf 87' lang='lat' dir='ltr'>ita</span> <span class='ocrx_word' id='word_1_28' title='bbox 1582 934 1864 984; x_wconf 87' lang='lat' dir='ltr'>considera·</span> 
     </span>
     <span class='ocr_line' id='line_1_5' title="bbox 482 1007 1866 1081; baseline -0.006 -18"><span class='ocrx_word' id='word_1_29' title='bbox 482 1023 605 1072; x_wconf 77' lang='lat' dir='ltr'>tur,</span> <span class='ocrx_word' id='word_1_30' title='bbox 642 1013 810 1065; x_wconf 81' lang='lat' dir='ltr'>satisne</span> <span class='ocrx_word' id='word_1_31' title='bbox 841 1015 1039 1081; x_wconf 85' lang='lat' dir='ltr'>longum</span> <span class='ocrx_word' id='word_1_32' title='bbox 1061 1011 1210 1061; x_wconf 83' lang='lat' dir='ltr'>fuerit</span> <span class='ocrx_word' id='word_1_33' title='bbox 1235 1010 1296 1059; x_wconf 87' lang='lat' dir='ltr'>ad</span> <span class='ocrx_word' id='word_1_34' title='bbox 1327 1026 1433 1059; x_wconf 88' lang='lat' dir='ltr'>eam</span> <span class='ocrx_word' id='word_1_35' title='bbox 1466 1025 1568 1058; x_wconf 90' lang='lat' dir='ltr'>rem</span> <span class='ocrx_word' id='word_1_36' title='bbox 1596 1007 1866 1074; x_wconf 84' lang='lat' dir='ltr'>transigen-</span> 
     </span>
     <span class='ocr_line' id='line_1_6' title="bbox 481 1078 1866 1154; baseline -0.004 -19"><span class='ocrx_word' id='word_1_37' title='bbox 481 1085 631 1146; x_wconf 81' lang='lat' dir='ltr'>dam,</span> <span class='ocrx_word' id='word_1_38' title='bbox 676 1088 728 1139; x_wconf 86' lang='lat'>&amp;</span> <span class='ocrx_word' id='word_1_39' title='bbox 764 1087 1042 1154; x_wconf 82' lang='lat' dir='ltr'>potueritne</span> <span class='ocrx_word' id='word_1_40' title='bbox 1076 1081 1236 1142; x_wconf 85' lang='lat' dir='ltr'>scire,</span> <span class='ocrx_word' id='word_1_41' title='bbox 1278 1083 1387 1135; x_wconf 84' lang='lat' dir='ltr'>satis</span> <span class='ocrx_word' id='word_1_42' title='bbox 1422 1082 1481 1131; x_wconf 89' lang='lat' dir='ltr'>ad</span> <span class='ocrx_word' id='word_1_43' title='bbox 1516 1081 1566 1131; x_wconf 93' lang='lat' dir='ltr'>id</span> <span class='ocrx_word' id='word_1_44' title='bbox 1600 1078 1866 1148; x_wconf 84' lang='lat' dir='ltr'>perficien-</span> 
     </span>
     <span class='ocr_line' id='line_1_7' title="bbox 485 1150 1867 1226; baseline -0.004 -17"><span class='ocrx_word' id='word_1_45' title='bbox 485 1158 605 1209; x_wconf 85' lang='lat' dir='ltr'>dum</span> <span class='ocrx_word' id='word_1_46' title='bbox 638 1160 773 1226; x_wconf 89' lang='lat' dir='ltr'>spatii</span> <span class='ocrx_word' id='word_1_47' title='bbox 803 1160 1069 1210; x_wconf 78' lang='lat' dir='ltr'>futurum.</span> <span class='ocrx_word' id='word_1_48' title='bbox 1095 1173 1206 1206; x_wconf 86' lang='lat' dir='ltr'>nam</span> <span class='ocrx_word' id='word_1_49' title='bbox 1235 1154 1370 1222; x_wconf 86' lang='lat' dir='ltr'>parvi</span> <span class='ocrx_word' id='word_1_50' title='bbox 1401 1155 1555 1205; x_wconf 86' lang='lat' dir='ltr'>refert</span> <span class='ocrx_word' id='word_1_51' title='bbox 1589 1154 1697 1205; x_wconf 90' lang='lat' dir='ltr'>satis</span> <span class='ocrx_word' id='word_1_52' title='bbox 1730 1150 1867 1221; x_wconf 87' lang='lat' dir='ltr'>spatii</span> 
     </span>
     <span class='ocr_line' id='line_1_8' title="bbox 485 1227 1867 1299; baseline -0.004 -16"><span class='ocrx_word' id='word_1_53' title='bbox 485 1230 628 1283; x_wconf 74' lang='lat' dir='ltr'>fuiss&#39;e</span> <span class='ocrx_word' id='word_1_54' title='bbox 658 1232 721 1283; x_wconf 81' lang='lat' dir='ltr'>ad</span> <span class='ocrx_word' id='word_1_55' title='bbox 748 1232 799 1283; x_wconf 90' lang='lat' dir='ltr'>id</span> <span class='ocrx_word' id='word_1_56' title='bbox 834 1231 1213 1299; x_wconf 83' lang='lat' dir='ltr'>perficiendum,</span> <span class='ocrx_word' id='word_1_57' title='bbox 1256 1230 1298 1280; x_wconf 87' lang='lat' dir='ltr'>si</span> <span class='ocrx_word' id='word_1_58' title='bbox 1325 1229 1376 1279; x_wconf 87' lang='lat' dir='ltr'>id</span> <span class='ocrx_word' id='word_1_59' title='bbox 1409 1227 1522 1278; x_wconf 79' lang='lat' dir='ltr'>ante</span> <span class='ocrx_word' id='word_1_60' title='bbox 1557 1228 1663 1278; x_wconf 86' lang='lat' dir='ltr'>sciri</span> <span class='ocrx_word' id='word_1_61' title='bbox 1697 1228 1748 1278; x_wconf 77' lang='grc' dir='ltr'>δι</span> <span class='ocrx_word' id='word_1_62' title='bbox 1784 1244 1867 1277; x_wconf 79' lang='lat' dir='ltr'>ra·-</span> 
     </span>
     <span class='ocr_line' id='line_1_9' title="bbox 487 1301 1865 1372; baseline -0.004 -16"><span class='ocrx_word' id='word_1_63' title='bbox 487 1304 628 1357; x_wconf 84' lang='lat' dir='ltr'>tione</span> <span class='ocrx_word' id='word_1_64' title='bbox 667 1307 916 1372; x_wconf 81' lang='lat' dir='ltr'>provideri</span> <span class='ocrx_word' id='word_1_65' title='bbox 956 1321 1054 1356; x_wconf 90' lang='lat' dir='ltr'>non</span> <span class='ocrx_word' id='word_1_66' title='bbox 1092 1303 1273 1372; x_wconf 88' lang='lat' dir='ltr'>potuit.</span> <span class='ocrx_word' id='word_1_67' title='bbox 1324 1301 1539 1353; x_wconf 78' lang='lat' dir='ltr'>Occasio</span> <span class='ocrx_word' id='word_1_68' title='bbox 1587 1301 1865 1369; x_wconf 74' lang='lat' dir='ltr'>quaeritur,</span> 
     </span>
     <span class='ocr_line' id='line_1_10' title="bbox 488 1374 1868 1435; baseline -0.002 -7"><span class='ocrx_word' id='word_1_69' title='bbox 488 1377 735 1429; x_wconf 81' lang='lat' dir='ltr'>idoneane</span> <span class='ocrx_word' id='word_1_70' title='bbox 763 1379 912 1430; x_wconf 83' lang='lat' dir='ltr'>fuerit</span> <span class='ocrx_word' id='word_1_71' title='bbox 940 1379 1001 1429; x_wconf 87' lang='lat' dir='ltr'>ad</span> <span class='ocrx_word' id='word_1_72' title='bbox 1028 1395 1131 1428; x_wconf 92' lang='lat' dir='ltr'>rem</span> <span class='ocrx_word' id='word_1_73' title='bbox 1159 1374 1469 1427; x_wconf 78' lang='lat' dir='ltr'>adoriendam</span> <span class='ocrx_word' id='word_1_74' title='bbox 1492 1408 1508 1435; x_wconf 84' lang='lat'>,</span> <span class='ocrx_word' id='word_1_75' title='bbox 1547 1392 1608 1424; x_wconf 87' lang='lat' dir='ltr'>an</span> <span class='ocrx_word' id='word_1_76' title='bbox 1634 1375 1727 1425; x_wconf 87' lang='lat' dir='ltr'>alia</span> <span class='ocrx_word' id='word_1_77' title='bbox 1758 1391 1868 1425; x_wconf 81' lang='lat' dir='ltr'>me·</span> 
     </span>
     <span class='ocr_line' id='line_1_11' title="bbox 488 1447 1868 1518; baseline -0.001 -16"><span class='ocrx_word' id='word_1_78' title='bbox 488 1450 589 1502; x_wconf 80' lang='lat' dir='ltr'>lior</span> <span class='ocrx_word' id='word_1_79' title='bbox 610 1485 627 1512; x_wconf 85' lang='lat'><strong>,</strong></span> <span class='ocrx_word' id='word_1_80' title='bbox 663 1468 770 1518; x_wconf 80' lang='lat' dir='ltr'>quae</span> <span class='ocrx_word' id='word_1_81' title='bbox 800 1464 884 1502; x_wconf 90' lang='lat' dir='ltr'>aut</span> <span class='ocrx_word' id='word_1_82' title='bbox 914 1451 1160 1518; x_wconf 81' lang='lat' dir='ltr'>praeterita</span> <span class='ocrx_word' id='word_1_83' title='bbox 1190 1451 1255 1500; x_wconf 88' lang='lat' dir='ltr'>sit</span> <span class='ocrx_word' id='word_1_84' title='bbox 1276 1484 1292 1509; x_wconf 90' lang='lat'>‚</span> <span class='ocrx_word' id='word_1_85' title='bbox 1327 1461 1409 1499; x_wconf 88' lang='lat' dir='ltr'>aut</span> <span class='ocrx_word' id='word_1_86' title='bbox 1439 1465 1539 1498; x_wconf 87' lang='lat' dir='ltr'>non</span> <span class='ocrx_word' id='word_1_87' title='bbox 1569 1447 1868 1513; x_wconf 68' lang='lat' dir='ltr'>exspestata·</span> 
     </span>
     <span class='ocr_line' id='line_1_12' title="bbox 491 1520 1873 1592; baseline -0.004 -17"><span class='ocrx_word' id='word_1_88' title='bbox 491 1523 621 1592; x_wconf 81' lang='lat' dir='ltr'>Spes</span> <span class='ocrx_word' id='word_1_89' title='bbox 647 1522 929 1589; x_wconf 84' lang='lat' dir='ltr'>perficiendi</span> <span class='ocrx_word' id='word_1_90' title='bbox 951 1541 1058 1589; x_wconf 65' lang='lat' dir='ltr'>quat</span> <span class='ocrx_word' id='word_1_91' title='bbox 1089 1520 1236 1572; x_wconf 79' lang='lat' dir='ltr'>fuerit</span> <span class='ocrx_word' id='word_1_92' title='bbox 1258 1555 1274 1580; x_wconf 87' lang='lat'>,</span> <span class='ocrx_word' id='word_1_93' title='bbox 1313 1521 1601 1586; x_wconf 58' lang='lat' dir='ltr'>spectabitur</span> <span class='ocrx_word' id='word_1_94' title='bbox 1630 1520 1727 1569; x_wconf 89' lang='lat' dir='ltr'>hoc</span> <span class='ocrx_word' id='word_1_95' title='bbox 1761 1537 1873 1570; x_wconf 88' lang='lat' dir='ltr'>mo·</span> 
     </span>
     <span class='ocr_line' id='line_1_13' title="bbox 490 1592 1872 1662; baseline -0.002 -17"><span class='ocrx_word' id='word_1_96' title='bbox 490 1595 565 1646; x_wconf 77' lang='lat' dir='ltr'>do</span> <span class='ocrx_word' id='word_1_97' title='bbox 589 1611 604 1645; x_wconf 79' lang='grc' dir='ltr'>ι</span> <span class='ocrx_word' id='word_1_98' title='bbox 628 1594 670 1645; x_wconf 92' lang='lat' dir='ltr'>si</span> <span class='ocrx_word' id='word_1_99' title='bbox 699 1612 805 1661; x_wconf 78' lang='lat' dir='ltr'>quae</span> <span class='ocrx_word' id='word_1_100' title='bbox 831 1595 969 1662; x_wconf 70' lang='lat' dir='ltr'>supra</span> <span class='ocrx_word' id='word_1_101' title='bbox 998 1593 1118 1644; x_wconf 66' lang='lat' dir='ltr'>dista</span> <span class='ocrx_word' id='word_1_102' title='bbox 1149 1593 1257 1642; x_wconf 84' lang='lat' dir='ltr'>sunt</span> <span class='ocrx_word' id='word_1_103' title='bbox 1286 1594 1419 1659; x_wconf 85' lang='lat' dir='ltr'>signa</span> <span class='ocrx_word' id='word_1_104' title='bbox 1442 1625 1459 1651; x_wconf 86' lang='lat'><strong>,</strong></span> <span class='ocrx_word' id='word_1_105' title='bbox 1488 1592 1821 1642; x_wconf 80' lang='lat' dir='ltr'>concurrerint</span> <span class='ocrx_word' id='word_1_106' title='bbox 1850 1609 1872 1652; x_wconf 68' lang='grc' dir='ltr'>ς</span> 
     </span>
     <span class='ocr_line' id='line_1_14' title="bbox 495 1665 1875 1732; baseline -0.001 -14"><span class='ocrx_word' id='word_1_107' title='bbox 495 1667 544 1719; x_wconf 84' lang='lat' dir='ltr'>si</span> <span class='ocrx_word' id='word_1_108' title='bbox 576 1679 814 1732; x_wconf 82' lang='lat' dir='ltr'>praeterea</span> <span class='ocrx_word' id='word_1_109' title='bbox 844 1683 906 1717; x_wconf 83' lang='lat' dir='ltr'>ex</span> <span class='ocrx_word' id='word_1_110' title='bbox 932 1667 1085 1717; x_wconf 82' lang='lat' dir='ltr'>altera</span> <span class='ocrx_word' id='word_1_111' title='bbox 1109 1677 1247 1732; x_wconf 84' lang='lat' dir='ltr'>parte</span> <span class='ocrx_word' id='word_1_112' title='bbox 1274 1665 1405 1715; x_wconf 86' lang='lat' dir='ltr'>vires</span> <span class='ocrx_word' id='word_1_113' title='bbox 1427 1699 1443 1724; x_wconf 87' lang='lat'>,</span> <span class='ocrx_word' id='word_1_114' title='bbox 1478 1665 1684 1730; x_wconf 87' lang='lat' dir='ltr'>pecunia</span> <span class='ocrx_word' id='word_1_115' title='bbox 1703 1698 1719 1725; x_wconf 83' lang='lat'>,</span> <span class='ocrx_word' id='word_1_116' title='bbox 1755 1682 1875 1716; x_wconf 88' lang='lat' dir='ltr'>con·</span> 
     </span>
     <span class='ocr_line' id='line_1_15' title="bbox 493 1737 1872 1809; baseline -0.004 -15"><span class='ocrx_word' id='word_1_117' title='bbox 493 1740 659 1794; x_wconf 73' lang='lat' dir='ltr'>silium</span> <span class='ocrx_word' id='word_1_118' title='bbox 677 1773 697 1798; x_wconf 80' lang='grc'>,</span> <span class='ocrx_word' id='word_1_119' title='bbox 740 1738 937 1809; x_wconf 78' lang='lat' dir='ltr'>scientia</span> <span class='ocrx_word' id='word_1_120' title='bbox 958 1772 974 1799; x_wconf 83' lang='lat'>‚</span> <span class='ocrx_word' id='word_1_121' title='bbox 1016 1739 1268 1806; x_wconf 79' lang='lat' dir='ltr'>apparatio</span> <span class='ocrx_word' id='word_1_122' title='bbox 1308 1737 1551 1789; x_wconf 84' lang='lat' dir='ltr'>videbitur</span> <span class='ocrx_word' id='word_1_123' title='bbox 1591 1738 1763 1797; x_wconf 79' lang='lat' dir='ltr'>fuiss&#39;e3</span> <span class='ocrx_word' id='word_1_124' title='bbox 1807 1756 1872 1790; x_wconf 83' lang='lat' dir='ltr'>ex</span> 
     </span>
     <span class='ocr_line' id='line_1_16' title="bbox 491 1811 1876 1880; baseline -0.002 -16"><span class='ocrx_word' id='word_1_125' title='bbox 491 1814 655 1864; x_wconf 74' lang='lat' dir='ltr'>altera</span> <span class='ocrx_word' id='word_1_126' title='bbox 674 1826 813 1880; x_wconf 89' lang='lat' dir='ltr'>parte</span> <span class='ocrx_word' id='word_1_127' title='bbox 836 1813 1141 1864; x_wconf 80' lang='lat' dir='ltr'>imbecillitas</span> <span class='ocrx_word' id='word_1_128' title='bbox 1160 1847 1176 1871; x_wconf 90' lang='lat'>,</span> <span class='ocrx_word' id='word_1_129' title='bbox 1208 1812 1368 1878; x_wconf 87' lang='lat' dir='ltr'>inopia</span> <span class='ocrx_word' id='word_1_130' title='bbox 1387 1845 1402 1870; x_wconf 90' lang='lat'><strong>,</strong></span> <span class='ocrx_word' id='word_1_131' title='bbox 1430 1811 1623 1863; x_wconf 88' lang='lat' dir='ltr'>stultitia</span> <span class='ocrx_word' id='word_1_132' title='bbox 1646 1845 1662 1870; x_wconf 89' lang='lat'>‚</span> <span class='ocrx_word' id='word_1_133' title='bbox 1685 1813 1876 1879; x_wconf 80' lang='lat' dir='ltr'>impru-</span> 
     </span>
     <span class='ocr_line' id='line_1_17' title="bbox 497 1884 1872 1954; baseline -0.001 -17"><span class='ocrx_word' id='word_1_134' title='bbox 497 1886 666 1939; x_wconf 80' lang='lat' dir='ltr'>dentia</span> <span class='ocrx_word' id='word_1_135' title='bbox 685 1919 701 1947; x_wconf 86' lang='lat'>,</span> <span class='ocrx_word' id='word_1_136' title='bbox 744 1886 1038 1954; x_wconf 81' lang='lat' dir='ltr'>inapparatio</span> <span class='ocrx_word' id='word_1_137' title='bbox 1075 1884 1476 1936; x_wconf 79' lang='lat' dir='ltr'>demonstrabitur</span> <span class='ocrx_word' id='word_1_138' title='bbox 1515 1884 1650 1935; x_wconf 78' lang='lat' dir='ltr'>fuiss&#39;e</span> <span class='ocrx_word' id='word_1_139' title='bbox 1679 1902 1694 1936; x_wconf 74' lang='grc' dir='ltr'>ι</span> <span class='ocrx_word' id='word_1_140' title='bbox 1722 1902 1872 1952; x_wconf 85' lang='lat' dir='ltr'>quare</span> 
     </span>
     <span class='ocr_line' id='line_1_18' title="bbox 494 1956 1873 2027; baseline -0.001 -16"><span class='ocrx_word' id='word_1_141' title='bbox 494 1959 620 2012; x_wconf 80' lang='lat' dir='ltr'>scire</span> <span class='ocrx_word' id='word_1_142' title='bbox 648 1961 866 2027; x_wconf 76' lang='lat' dir='ltr'>potuerit</span> <span class='ocrx_word' id='word_1_143' title='bbox 892 1991 913 2019; x_wconf 56' lang='grc' dir='ltr'><em>ῃ</em></span> <span class='ocrx_word' id='word_1_144' title='bbox 945 1957 1108 2011; x_wconf 66' lang='lat' dir='ltr'>utrum</span> <span class='ocrx_word' id='word_1_145' title='bbox 1140 1956 1449 2009; x_wconf 86' lang='lat' dir='ltr'>diffidendum</span> <span class='ocrx_word' id='word_1_146' title='bbox 1479 1992 1494 2017; x_wconf 90' lang='lat'><strong>,</strong></span> <span class='ocrx_word' id='word_1_147' title='bbox 1531 1975 1594 2008; x_wconf 84' lang='lat' dir='ltr'>an</span> <span class='ocrx_word' id='word_1_148' title='bbox 1627 1957 1873 2009; x_wconf 82' lang='lat' dir='ltr'>confiden-</span> 
     </span>
     <span class='ocr_line' id='line_1_19' title="bbox 496 2031 1874 2104; baseline -0.001 -19"><span class='ocrx_word' id='word_1_149' title='bbox 496 2034 615 2085; x_wconf 85' lang='lat' dir='ltr'>dum</span> <span class='ocrx_word' id='word_1_150' title='bbox 636 2034 801 2085; x_wconf 86' lang='lat' dir='ltr'>fuerit.</span> <span class='ocrx_word' id='word_1_151' title='bbox 837 2033 960 2104; x_wconf 84' lang='lat' dir='ltr'>Spes</span> <span class='ocrx_word' id='word_1_152' title='bbox 982 2033 1173 2084; x_wconf 88' lang='lat' dir='ltr'>celandi</span> <span class='ocrx_word' id='word_1_153' title='bbox 1199 2050 1309 2100; x_wconf 80' lang='lat' dir='ltr'>quae</span> <span class='ocrx_word' id='word_1_154' title='bbox 1331 2032 1477 2082; x_wconf 86' lang='lat' dir='ltr'>fuerit</span> <span class='ocrx_word' id='word_1_155' title='bbox 1504 2064 1520 2090; x_wconf 86' lang='lat'>,</span> <span class='ocrx_word' id='word_1_156' title='bbox 1560 2031 1788 2098; x_wconf 79' lang='lat' dir='ltr'>quaeritur</span> <span class='ocrx_word' id='word_1_157' title='bbox 1810 2048 1874 2084; x_wconf 84' lang='lat' dir='ltr'>ex</span> 
     </span>
     <span class='ocr_line' id='line_1_20' title="bbox 496 2105 1873 2175; baseline -0.002 -15"><span class='ocrx_word' id='word_1_158' title='bbox 496 2106 743 2166; x_wconf 82' lang='lat' dir='ltr'>consciis,</span> <span class='ocrx_word' id='word_1_159' title='bbox 788 2107 1015 2166; x_wconf 78' lang='lat' dir='ltr'>arbitris,</span> <span class='ocrx_word' id='word_1_160' title='bbox 1060 2106 1360 2175; x_wconf 81' lang='lat' dir='ltr'>adjutoribus</span> <span class='ocrx_word' id='word_1_161' title='bbox 1401 2105 1607 2164; x_wconf 82' lang='lat' dir='ltr'>liberis,</span> <span class='ocrx_word' id='word_1_162' title='bbox 1650 2117 1739 2157; x_wconf 87' lang='lat' dir='ltr'>aut</span> <span class='ocrx_word' id='word_1_163' title='bbox 1770 2106 1873 2158; x_wconf 90' lang='lat' dir='ltr'>ser-</span> 
     </span>
     <span class='ocr_line' id='line_1_21' title="bbox 494 2180 999 2249; baseline -0.006 -16"><span class='ocrx_word' id='word_1_164' title='bbox 494 2180 614 2239; x_wconf 83' lang='lat' dir='ltr'>vis,</span> <span class='ocrx_word' id='word_1_165' title='bbox 650 2193 736 2231; x_wconf 90' lang='lat' dir='ltr'>aut</span> <span class='ocrx_word' id='word_1_166' title='bbox 767 2180 999 2249; x_wconf 87' lang='lat' dir='ltr'>utrisque.</span> 
     </span>
    </p>

    <p class='ocr_par' dir='ltr' id='par_1_3' title="bbox 499 2248 1886 3125">
     <span class='ocr_line' id='line_1_22' title="bbox 574 2248 1875 2324; baseline -0.001 -18"><span class='ocrx_word' id='word_1_167' title='bbox 574 2253 648 2306; x_wconf 83' lang='lat' dir='ltr'>V·</span> <span class='ocrx_word' id='word_1_168' title='bbox 683 2253 1032 2323; x_wconf 80' lang='lat' dir='ltr'>Argumentum</span> <span class='ocrx_word' id='word_1_169' title='bbox 1065 2250 1170 2313; x_wconf 83' lang='lat' dir='ltr'>est,</span> <span class='ocrx_word' id='word_1_170' title='bbox 1206 2266 1295 2320; x_wconf 86' lang='lat' dir='ltr'>per</span> <span class='ocrx_word' id='word_1_171' title='bbox 1327 2248 1459 2320; x_wconf 85' lang='lat' dir='ltr'>quod</span> <span class='ocrx_word' id='word_1_172' title='bbox 1482 2268 1562 2305; x_wconf 88' lang='lat' dir='ltr'>res</span> <span class='ocrx_word' id='word_1_173' title='bbox 1595 2253 1875 2324; x_wconf 83' lang='lat' dir='ltr'>coarguitur</span> 
     </span>
     <span class='ocr_line' id='line_1_23' title="bbox 500 2326 1877 2396; baseline 0.001 -18"><span class='ocrx_word' id='word_1_174' title='bbox 500 2327 791 2378; x_wconf 84' lang='lat' dir='ltr'>certioribus</span> <span class='ocrx_word' id='word_1_175' title='bbox 812 2327 1144 2396; x_wconf 79' lang='lat' dir='ltr'>argumentis.</span> <span class='ocrx_word' id='word_1_176' title='bbox 1177 2327 1231 2377; x_wconf 88' lang='lat'>&amp;</span> <span class='ocrx_word' id='word_1_177' title='bbox 1253 2327 1403 2395; x_wconf 84' lang='lat' dir='ltr'>magis</span> <span class='ocrx_word' id='word_1_178' title='bbox 1428 2326 1562 2378; x_wconf 64' lang='lat' dir='ltr'>firma</span> <span class='ocrx_word' id='word_1_179' title='bbox 1586 2327 1877 2394; x_wconf 84' lang='lat' dir='ltr'>suspicione.</span> 
     </span>
     <span class='ocr_line' id='line_1_24' title="bbox 499 2397 1878 2466; baseline 0.001 -15"><span class='ocrx_word' id='word_1_180' title='bbox 499 2400 561 2451; x_wconf 81' lang='lat' dir='ltr'>ld</span> <span class='ocrx_word' id='word_1_181' title='bbox 584 2399 844 2449; x_wconf 73' lang='lat' dir='ltr'>dividitur·</span> <span class='ocrx_word' id='word_1_182' title='bbox 832 2418 881 2450; x_wconf 87' lang='lat' dir='ltr'>m</span> <span class='ocrx_word' id='word_1_183' title='bbox 900 2412 1122 2466; x_wconf 88' lang='lat' dir='ltr'>tempora</span> <span class='ocrx_word' id='word_1_184' title='bbox 1141 2397 1273 2458; x_wconf 87' lang='lat' dir='ltr'>tria,</span> <span class='ocrx_word' id='word_1_185' title='bbox 1307 2401 1602 2465; x_wconf 78' lang='lat' dir='ltr'>praeteritum</span> <span class='ocrx_word' id='word_1_186' title='bbox 1626 2435 1642 2460; x_wconf 87' lang='lat'>,</span> <span class='ocrx_word' id='word_1_187' title='bbox 1672 2401 1842 2453; x_wconf 85' lang='lat' dir='ltr'>instans</span> <span class='ocrx_word' id='word_1_188' title='bbox 1858 2433 1878 2461; x_wconf 66' lang='lat'>0</span> 
     </span>
     <span class='ocr_line' id='line_1_25' title="bbox 501 2471 1880 2537; baseline 0 -14"><span class='ocrx_word' id='word_1_189' title='bbox 501 2471 824 2537; x_wconf 79' lang='lat' dir='ltr'>consequens.</span> <span class='ocrx_word' id='word_1_190' title='bbox 857 2472 916 2521; x_wconf 76' lang='lat' dir='ltr'>in</span> <span class='ocrx_word' id='word_1_191' title='bbox 947 2471 1198 2536; x_wconf 66' lang='lat' dir='ltr'>praeterito</span> <span class='ocrx_word' id='word_1_192' title='bbox 1231 2483 1453 2536; x_wconf 87' lang='lat' dir='ltr'>tempore</span> <span class='ocrx_word' id='word_1_193' title='bbox 1480 2485 1680 2537; x_wconf 88' lang='lat' dir='ltr'>oportet</span> <span class='ocrx_word' id='word_1_194' title='bbox 1715 2475 1880 2523; x_wconf 87' lang='lat' dir='ltr'>consi-</span> 
     </span>
     <span class='ocr_line' id='line_1_26' title="bbox 503 2542 1882 2610; baseline 0 -15"><span class='ocrx_word' id='word_1_195' title='bbox 503 2546 680 2596; x_wconf 90' lang='lat' dir='ltr'>derare</span> <span class='ocrx_word' id='word_1_196' title='bbox 705 2577 720 2602; x_wconf 87' lang='lat'><strong>,</strong></span> <span class='ocrx_word' id='word_1_197' title='bbox 758 2544 841 2594; x_wconf 86' lang='lat' dir='ltr'>ubi</span> <span class='ocrx_word' id='word_1_198' title='bbox 872 2543 1019 2593; x_wconf 84' lang='lat' dir='ltr'>fuerit</span> <span class='ocrx_word' id='word_1_199' title='bbox 1041 2575 1057 2602; x_wconf 83' lang='lat'>,</span> <span class='ocrx_word' id='word_1_200' title='bbox 1093 2542 1176 2592; x_wconf 90' lang='lat' dir='ltr'>ubi</span> <span class='ocrx_word' id='word_1_201' title='bbox 1209 2542 1337 2593; x_wconf 74' lang='lat' dir='ltr'>visus</span> <span class='ocrx_word' id='word_1_202' title='bbox 1368 2544 1431 2592; x_wconf 86' lang='lat' dir='ltr'>sit</span> <span class='ocrx_word' id='word_1_203' title='bbox 1452 2575 1467 2600; x_wconf 89' lang='lat'><strong>,</strong></span> <span class='ocrx_word' id='word_1_204' title='bbox 1511 2559 1721 2610; x_wconf 85' lang='lat' dir='ltr'>quocum</span> <span class='ocrx_word' id='word_1_205' title='bbox 1752 2544 1882 2598; x_wconf 84' lang='lat' dir='ltr'>visus</span> 
     </span>
     <span class='ocr_line' id='line_1_27' title="bbox 500 2614 1880 2684; baseline -0.001 -14"><span class='ocrx_word' id='word_1_206' title='bbox 500 2619 611 2677; x_wconf 84' lang='lat' dir='ltr'>sit,</span> <span class='ocrx_word' id='word_1_207' title='bbox 596 2635 610 2647; x_wconf 92' lang='lat'><strong>·</strong></span> <span class='ocrx_word' id='word_1_208' title='bbox 642 2634 755 2668; x_wconf 85' lang='lat' dir='ltr'>num</span> <span class='ocrx_word' id='word_1_209' title='bbox 788 2617 903 2684; x_wconf 83' lang='lat' dir='ltr'>quid</span> <span class='ocrx_word' id='word_1_210' title='bbox 929 2614 1208 2684; x_wconf 67' lang='lat' dir='ltr'>appararit‚</span> <span class='ocrx_word' id='word_1_211' title='bbox 1238 2632 1352 2666; x_wconf 84' lang='lat' dir='ltr'>num</span> <span class='ocrx_word' id='word_1_212' title='bbox 1384 2632 1526 2683; x_wconf 87' lang='lat' dir='ltr'>quem</span> <span class='ocrx_word' id='word_1_213' title='bbox 1563 2618 1880 2680; x_wconf 78' lang='lat' dir='ltr'>convenerit,</span> 
     </span>
     <span class='ocr_line' id='line_1_28' title="bbox 500 2689 1886 2759; baseline 0 -15"><span class='ocrx_word' id='word_1_214' title='bbox 500 2709 618 2745; x_wconf 89' lang='lat' dir='ltr'>num</span> <span class='ocrx_word' id='word_1_215' title='bbox 654 2691 767 2759; x_wconf 87' lang='lat' dir='ltr'>quid</span> <span class='ocrx_word' id='word_1_216' title='bbox 793 2690 1016 2750; x_wconf 83' lang='lat' dir='ltr'>dixerit.</span> <span class='ocrx_word' id='word_1_217' title='bbox 1055 2705 1169 2741; x_wconf 83' lang='lat' dir='ltr'>num</span> <span class='ocrx_word' id='word_1_218' title='bbox 1211 2704 1355 2756; x_wconf 85' lang='lat' dir='ltr'>quem</span> <span class='ocrx_word' id='word_1_219' title='bbox 1396 2689 1617 2741; x_wconf 80' lang='lat' dir='ltr'>babuerit</span> <span class='ocrx_word' id='word_1_220' title='bbox 1658 2691 1753 2742; x_wconf 89' lang='lat' dir='ltr'>de</span> <span class='ocrx_word' id='word_1_221' title='bbox 1751 2709 1886 2755; x_wconf 81' lang='lat' dir='ltr'>con·</span> 
     </span>
     <span class='ocr_line' id='line_1_29' title="bbox 501 2722 1881 2834; baseline 0.001 -17"><span class='ocrx_word' id='word_1_222' title='bbox 501 2766 654 2822; x_wconf 82' lang='lat' dir='ltr'>sciis,</span> <span class='ocrx_word' id='word_1_223' title='bbox 693 2765 755 2816; x_wconf 92' lang='lat' dir='ltr'>de</span> <span class='ocrx_word' id='word_1_224' title='bbox 786 2722 1127 2832; x_wconf 81' lang='lat' dir='ltr'>adjutoribus.</span> <span class='ocrx_word' id='word_1_225' title='bbox 1164 2762 1227 2814; x_wconf 90' lang='lat' dir='ltr'>de</span> <span class='ocrx_word' id='word_1_226' title='bbox 1260 2761 1593 2830; x_wconf 77' lang='lat' dir='ltr'>adjumentis·</span> <span class='ocrx_word' id='word_1_227' title='bbox 1574 2797 1595 2825; x_wconf 70' lang='lat'><em>2</em></span> <span class='ocrx_word' id='word_1_228' title='bbox 1628 2780 1747 2825; x_wconf 72' lang='lat' dir='ltr'>num</span> <span class='ocrx_word' id='word_1_229' title='bbox 1778 2783 1881 2834; x_wconf 77' lang='lat' dir='ltr'>quo</span> 
     </span>
     <span class='ocr_line' id='line_1_30' title="bbox 504 2836 1521 2906; baseline -0.001 -15"><span class='ocrx_word' id='word_1_230' title='bbox 504 2838 558 2891; x_wconf 86' lang='lat' dir='ltr'>in</span> <span class='ocrx_word' id='word_1_231' title='bbox 591 2840 705 2889; x_wconf 83' lang='lat' dir='ltr'>ioco</span> <span class='ocrx_word' id='word_1_232' title='bbox 736 2849 915 2906; x_wconf 78' lang='lat' dir='ltr'>praeter</span> <span class='ocrx_word' id='word_1_233' title='bbox 948 2836 1343 2889; x_wconf 75' lang='lat' dir='ltr'>consuetudinem</span> <span class='ocrx_word' id='word_1_234' title='bbox 1375 2837 1428 2890; x_wconf 78' lang='lat' dir='ltr'>fu</span> <span class='ocrx_word' id='word_1_235' title='bbox 1443 2869 1463 2878; x_wconf 42' lang='lat' dir='ltr'>a</span> <span class='ocrx_word' id='word_1_236' title='bbox 1518 2853 1521 2854; x_wconf 71' lang='grc'>’</span> 
     </span>
     <span class='ocr_line' id='line_1_31' title="bbox 505 2908 1421 2979; baseline -0.002 -15"><span class='ocrx_word' id='word_1_237' title='bbox 505 2926 749 2979; x_wconf 81' lang='lat' dir='ltr'>tempore.</span> <span class='ocrx_word' id='word_1_238' title='bbox 783 2912 839 2963; x_wconf 83' lang='lat' dir='ltr'>ln</span> <span class='ocrx_word' id='word_1_239' title='bbox 868 2908 1057 2962; x_wconf 61' lang='lat' dir='ltr'>instanti</span> <span class='ocrx_word' id='word_1_240' title='bbox 1073 2922 1299 2978; x_wconf 69' lang='lat' dir='ltr'>tempure</span> <span class='ocrx_word' id='word_1_241' title='bbox 1331 2935 1353 2949; x_wconf 49' lang='lat'>1</span> <span class='ocrx_word' id='word_1_242' title='bbox 1411 2946 1421 2950; x_wconf 96' lang='grc'><strong>-</strong></span> 
     </span>
     <span class='ocr_line' id='line_1_32' title="bbox 506 2982 1331 3052; baseline -0.002 -14"><span class='ocrx_word' id='word_1_243' title='bbox 506 2987 613 3045; x_wconf 85' lang='lat' dir='ltr'>sit,</span> <span class='ocrx_word' id='word_1_244' title='bbox 650 3002 796 3052; x_wconf 86' lang='lat' dir='ltr'>quum</span> <span class='ocrx_word' id='word_1_245' title='bbox 828 2985 1074 3043; x_wconf 84' lang='lat' dir='ltr'>faciebat,</span> <span class='ocrx_word' id='word_1_246' title='bbox 1105 3001 1219 3037; x_wconf 81' lang='lat' dir='ltr'>num</span> <span class='ocrx_word' id='word_1_247' title='bbox 1247 2982 1331 3050; x_wconf 74' lang='lat' dir='ltr'>qui</span> 
     </span>
     <span class='ocr_line' id='line_1_33' title="bbox 509 3054 1406 3125; baseline -0.002 -15"><span class='ocrx_word' id='word_1_248' title='bbox 509 3057 730 3123; x_wconf 78' lang='lat' dir='ltr'>crepitus</span> <span class='ocrx_word' id='word_1_249' title='bbox 750 3058 1005 3109; x_wconf 78' lang='lat' dir='ltr'>exauditus</span> <span class='ocrx_word' id='word_1_250' title='bbox 1035 3056 1136 3116; x_wconf 81' lang='lat' dir='ltr'>sit,</span> <span class='ocrx_word' id='word_1_251' title='bbox 1171 3070 1255 3109; x_wconf 74' lang='lat' dir='ltr'>aut</span> <span class='ocrx_word' id='word_1_252' title='bbox 1279 3054 1406 3125; x_wconf 47' lang='lat' dir='ltr'>dehis</span> 
     </span>
    </p>
   </div>
   <div class='ocr_carea' id='block_1_3' title="bbox 511 3127 1316 3198">
    <p class='ocr_par' dir='ltr' id='par_1_4' title="bbox 511 3127 1316 3198">
     <span class='ocr_line' id='line_1_34' title="bbox 511 3127 1316 3198; baseline -0.014 -18"><span class='ocrx_word' id='word_1_253' title='bbox 511 3145 615 3198; x_wconf 81' lang='lat' dir='ltr'>quo</span> <span class='ocrx_word' id='word_1_254' title='bbox 636 3127 770 3179; x_wconf 81' lang='lat' dir='ltr'>sensu</span> <span class='ocrx_word' id='word_1_255' title='bbox 791 3129 1202 3197; x_wconf 67' lang='lat' dir='ltr'>pereeptumm,</span> <span class='ocrx_word' id='word_1_256' title='bbox 1291 3149 1316 3174; x_wconf 53' lang='grc' dir='ltr'>ι,</span> 
     </span>
    </p>
   </div>
   <div class='ocr_carea' id='block_1_4' title="bbox 512 3200 1049 3330">
    <p class='ocr_par' dir='ltr' id='par_1_5' title="bbox 512 3192 1391 3330">
     <span class='ocr_line' id='line_1_35' title="bbox 512 3200 1049 3330; baseline 0.006 -71"><span class='ocrx_word' id='word_1_257' title='bbox 512 3204 773 3260; x_wconf 80' lang='lat' dir='ltr'>odoratu,</span> <span class='ocrx_word' id='word_1_258' title='bbox 635 3200 1049 3330; x_wconf 49' lang='lat' dir='ltr'>‘&#39;my-astam·</span> 
     </span>
    </p>
   </div>
   <div class='ocr_carea' id='block_1_5' title="bbox 1314 2824 2140 3157">
    <p class='ocr_par' dir='ltr' id='par_1_6' title="bbox 1314 2824 2140 3157">
     <span class='ocr_line' id='line_1_36' title="bbox 1428 2824 1888 2941; baseline 0 -71"><span class='ocrx_word' id='word_1_259' title='bbox 1428 2824 1888 2941; x_wconf 95' lang='lat' dir='ltr'>  </span> 
     </span>
     <span class='ocr_line' id='line_1_37' title="bbox 1314 2941 2140 3157; baseline 0.007 -143"><span class='ocrx_word' id='word_1_260' title='bbox 1314 2941 2140 3157; x_wconf 95' lang='lat' dir='ltr'>     </span> 
     </span>
    </p>
   </div>
  </div>
 </body>
</html>
