2400 4067
457 472 747 539 Topica
863 495 943 565 μγ

259 586 303 650 est
316 585 445 659 diiium3
466 588 537 646 alios
550 585 648 645 affumi
658 584 844 645 extrinsecus:
860 586 896 647 de
912 591 945 648 iit

260 690 354 751 pauca
377 668 525 735 dieamus:
551 669 605 727 etsi
627 687 661 726 ea
683 666 751 724 nihil
768 666 888 725 omnino
907 668 945 727 ad

259 746 369 810 vestras
383 746 584 829 disputationes
598 748 763 827 pertinent3
784 743 834 806 sed
846 761 944 807 tamen

261 846 358 890 totam
386 848 449 888 rem
474 826 679 908 perficiamus,
706 825 944 907 quandoquidem

261 913 415 990 coepimus.
447 907 551 1004 Neque
571 909 649 967 enim
671 923 702 965 tu
723 911 746 966 is
769 926 825 981 es,
856 926 944 985 quem

259 990 412 1064 nihil,nisi
420 985 465 1068 jus
474 988 576 1062 ciuile,
590 986 724 1048 delecter
742 986 795 1060 Et,
805 989 944 1068 quoniam

262 1071 301 1131 ad
316 1087 345 1131 te
362 1070 423 1128 haec
436 1072 476 1128 ita
487 1067 661 1142 scribuntur,
678 1083 709 1126 ut
720 1070 805 1127 etiam
820 1071 850 1125 in
866 1068 943 1128 alio-

261 1173 327 1212 rum
343 1166 443 1209 manus
456 1153 511 1209 sint
523 1167 664 1224 ventura,
682 1148 765 1209 detur
782 1168 891 1229 opera,
908 1167 942 1209 ut

260 1231 350 1312 quim
360 1230 513 1310 plurimum
531 1233 583 1304 iis,
602 1251 675 1310 quos
687 1229 765 1290 retia
781 1227 870 1290 studia
884 1229 941 1291 de·

258 1311 385 1383 leiim,
419 1309 529 1372 rodeffe
543 1314 695 1392 possimus.

302 1409 354 1470 73.
373 1332 444 1449 iiiuc
459 1411 530 1473 ergo
545 1390 776 1473 argumentatio,
795 1411 857 1470 quae
872 1389 940 1449 dici·

255 1487 308 1532 ‘tur
325 1471 391 1531 artis
405 1489 527 1551 expers,
547 1474 576 1530 in
593 1469 758 1530 testimonio
775 1473 869 1549 posita
888 1469 939 1533 est.

258 1549 473 1621 ¹Testimonium
485 1568 581 1611 autem
595 1572 670 1610 nunc
683 1551 820 1622 dicimus,
833 1571 938 1626 omne,

257 1631 340 1713 quod
363 1631 399 1691 ab
412 1631 506 1711 aliqua
522 1652 554 1690 re
568 1647 685 1691 externa
703 1629 820 1689 sumitur
838 1631 874 1689 ad
892 1630 938 1690 fa·

258 1711 394 1773 ciendam
409 1710 508 1771 fidem.
539 1710 664 1772 Persona
681 1725 778 1770 autem
790 1731 851 1771 non
869 1731 940 1793 qua·

257 1791 356 1855 liscum
396 1813 433 1867 e,
455 1790 609 1853 testimonii
626 1791 742 1872 pondus
764 1790 873 1851 hahet:
901 1792 939 1851 ad

256 1872 350 1935 facien
372 1894 419 1934 am
434 1875 510 1935 enim
526 1871 617 1934 fidem
628 1870 778 1934 autimas
794 1875 938 1955 quaeritur.

258 1953 319 2015 Sed
339 1953 535 2016 au&0nmtem
552 1973 600 2014 aut
617 1970 736 2028 natura,
756 1969 804 2012 aut
822 1968 937 2036 tempus

255 2033 353 2096 affert.
384 2033 501 2095 Naturae
523 2034 673 2094 auotoritas
690 2038 720 2093 in
739 2036 852 2106 virtute,
865 2034 936 2098 inest

257 2116 393 2177 maxime.
426 2114 461 2176 In
479 2133 540 2176 tem
562 2135 613 2174 ore
631 2132 727 2174 autem
746 2112 936 2192 multasunt,

255 2217 321 2278 quae
350 2193 470 2260 afferant
495 2137 693 2257 auiornatem
718 2216 727 2258 ι
763 2196 938 2275 ingenium,

255 2297 349 2359 opes,
364 2293 452 2351 ωας,
468 2275 604 2348 fortuna,
623 2294 688 2347 ars,
705 2269 789 2345 tuus,
808 2278 936 2335 necessi-

254 2375 318 2433 tas,
338 2359 489 2421 contrusio
508 2360 595 2418 etiarn
611 2372 830 2436 nonnumquam
839 2373 934 2417 rerum

252 2437 445 2502 fortuitarum.
479 2436 557 2499 Nam
572 2430 796 2517 &ingeniosos,
813 2433 845 2494 &
859 2454 936 2515 opu·

252 2519 373 2594 lentos,
389 2519 422 2580 δι
434 2521 524 2582 aetatis
541 2517 632 2599 spatio
647 2515 806 2597 probatos,
820 2513 935 2598 dignos,

256 2597 362 2680 quibus'
378 2600 531 2671 credatur,
552 2613 675 2681 putant:
697 2617 758 2659 non
777 2593 853 2657 reite
869 2596 936 2656 for-

254 2678 343 2754 tasse,
361 2677 411 2738 sed
428 2678 507 2761 vulgi
522 2681 621 2760 opinio
640 2679 741 2738 mutari
752 2679 802 2736 vix
820 2676 935 2756 potest,

255 2759 294 2823 ad
318 2779 439 2837 eamque
459 2761 557 2818 omnia
577 2759 718 2840 dirigunt,
741 2756 774 2816 &
791 2758 839 2836 qui
854 2755 935 2836 judi-

255 2852 344 2908 cant,
358 2837 390 2895 &
401 2839 449 2915 qui
461 2836 628 2896 existimant.
659 2836 720 2914 Qui
736 2838 814 2896 enim
825 2837 868 2895 his
884 2857 935 2897 re·

256 2917 333 2986 bus,
352 2935 420 2994 quas
434 2915 510 2986 dixi,
530 2914 689 2987 excellunt,
707 2914 766 3010 ipsa
776 2917 881 2976 virtute
895 2918 938 2976 vi·

255 2996 361 3076 ¹dentur
378 2993 531 3060 excellere.
553 2991 614 3059 Sed
628 2993 740 3079 reliquis
755 3014 872 3079 quoque
890 3015 936 3060 re·
