2400 4067
309 698 373 757 ,tn
399 679 663 754 Hannnnwnr
688 680 727 753 t.
752 683 833 752 Ill.
883 686 935 780 75‘

252 817 283 858 tit
297 804 402 857 dillinsl'e
413 805 559 855 interlucere
573 801 669 868 possint
683 818 691 853 t
706 819 759 851 nam
769 803 789 852 si
800 803 851 870 quis
861 806 937 857 multa

253 879 441 931 intercolumnia
460 877 602 944 sumpserit,
625 875 806 926 conturbabitur
827 878 937 930 similitu·

255 954 313 1004 dine
329 955 457 1012 locorum,
477 965 504 1002 ut
519 953 635 1020 ignoret,
655 950 713 1017 quid
730 965 828 1016 quoque
843 951 867 1000 in
881 953 938 1003 loco

255 1027 391 1078 collocarit.
410 1026 441 1076 Et
455 1025 618 1094 magnitudine
633 1023 746 1081 modici,
765 1023 792 1074 δι
806 1023 942 1079 mediocres

255 1101 326 1154 iocos
338 1101 428 1151 habere
444 1112 544 1166 oportet
556 1113 564 1149 t
576 1115 630 1148 nam
643 1097 668 1148 δι
681 1110 769 1165 praeter
779 1097 877 1147 modum
894 1115 943 1148 am·

252 1173 308 1243 pli,
328 1190 401 1243 vagas
418 1173 533 1241 imagines
550 1171 674 1231 reddunt;
696 1171 722 1222 δι
740 1170 807 1220 nimis
826 1170 942 1240 angusti,

255 1248 319 1314 sape
336 1263 386 1298 non
400 1246 515 1298 videntur
529 1245 595 1314 posse
614 1261 701 1311 capere
716 1244 845 1313 imaginum
863 1248 944 1297 collo·

253 1321 387 1373 cntionem.

295 1409 339 1459 3²·
356 1395 422 1445 Tum
437 1410 483 1445 nec
499 1392 568 1444 nimis
582 1389 704 1452 illustres,
723 1407 771 1442 nec
782 1392 943 1447 veliementer

256 1467 374 1519 obscuros
391 1470 461 1519 locos
476 1467 560 1517 haberi
573 1478 691 1540 oportet',
711 1483 742 1515 ne
757 1478 799 1516 aut
815 1468 944 1518 obcaecen-

257 1552 299 1591 tut
313 1542 420 1590 tenebris
431 1540 564 1606 imagines,
578 1551 620 1587 aut
630 1537 758 1603 splendore
775 1539 945 1606 praefulgeant.

261 1613 393 1663 intervalla
411 1613 523 1662 locorum
542 1609 674 1659 mediocria
695 1608 741 1659 esse
761 1610 863 1675 placet,
891 1612 945 1664 ser'e

262 1683 336 1752 pauld
350 1687 421 1751 plus,
435 1697 478 1734 aut
491 1680 569 1734 mimis
588 1682 677 1750 pedum
691 1682 809 1733 tricenum
824 1700 831 1734 t
847 1702 900 1734 narn
918 1698 946 1737 ut

259 1759 386 1824 adspesius
400 1791 409 1818 ,
424 1759 457 1809 ita
477 1757 593 1826 cogitatio
609 1753 685 1806 mimis
704 1758 790 1816 valet,
809 1757 860 1809 sive
877 1759 948 1813 nimis

260 1833 348 1900 procul
363 1831 515 1891 removeris,
532 1830 584 1881 sive
599 1831 758 1880 vehementer
771 1831 848 1897 ptopd
864 1833 950 1882 admo·

259 1906 324 1957 veris
339 1905 383 1965 id,
399 1905 464 1973 quod
476 1916 576 1972 oportet
589 1903 676 1954 videri.
693 1904 742 1953 Sed
757 1919 898 1972 quamquam
913 1905 948 1956 sa·

260 1979 309 2031 cile
325 1978 358 2030 est
375 1979 414 2040 ei,
433 1979 475 2047 qui
490 1977 563 2045 pauld
578 1979 647 2045 plura
661 1977 844 2043 exploraverit,
862 1997 950 2047 quam·

259 2053 296 2105 vis
314 2054 423 2110 multos,
446 2052 587 2105 &idoneos
603 2053 673 2102 locos
689 2069 829 2118 comparare
844 2068 850 2105 τ
866 2066 949 2106 tamen

261 2129 282 2179 si
300 2128 351 2194 quis
366 2127 397 2177 ad
407 2127 448 2177 itia
463 2127 517 2177 satis
532 2127 633 2177 idoneos
648 2127 758 2176 invenire
776 2126 799 2176 se
814 2144 863 2177 non
874 2141 949 2194 puta-

259 2201 319 2259 bit,
341 2199 389 2266 ipse
405 2201 450 2252 sibi
467 2200 594 2250 conslituat
610 2204 680 2266 quim
695 2201 765 2249 volet
781 2201 870 2250 multos
888 2201 950 2251 lice·

261 2275 306 2324 bit.
325 2272 451 2343 Cogitatio
464 2274 526 2324 enim
541 2273 649 2340 quamvis
665 2273 792 2340 regionem
806 2272 885 2338 potest
900 2290 950 2322 am·

261 2348 352 2414 plesii,
372 2348 398 2396 δι
412 2346 436 2396 in
453 2364 482 2396 ea
498 2347 571 2397 situm
585 2346 636 2394 loci
651 2340 772 2410 cujusdam
786 2346 817 2394 ad
831 2346 896 2395 suum
914 2363 953 2396 nr·

262 2422 360 2470 bitrium
379 2418 489 2466 fabricari
510 2418 537 2468 δι
555 2416 718 2466 architestati.
739 2417 823 2480 Quare
844 2418 954 2479 licebit,

263 2493 285 2544 si
300 2494 345 2539 hac
361 2487 473 2555 prompti
488 2485 558 2550 cupii
574 2486 685 2536 contenti
700 2503 750 2536 nou
763 2487 873 2546 erimus,
894 2504 956 2540 nos·

264 2562 381 2629 metipsos
398 2557 468 2610 nobis
488 2556 637 2625 cogitatione
653 2555 731 2607 nosiri
749 2557 875 2624 regionem
892 2572 956 2611 con·
996 2570 999 2577 ·

266 2636 383 2694 siituere,
407 2633 433 2684 dt
448 2631 593 2682 idoneorum
608 2631 719 2680 locorum
737 2629 962 2699 commodissimam,

266 2709 439 2761 dissinslionem
450 2719 598 2772 comparare.
611 2704 652 2754 De
664 2703 725 2754 locis
737 2701 791 2755 satis
803 2702 889 2755 disium
901 2702 964 2763 elit¹

266 2800 331 2836 nunc
346 2784 376 2833 ad
390 2780 518 2848 imaginum
531 2777 651 2828 rationem
666 2777 822 2828 transeamus.

306 2855 365 2906 XX.
380 2854 501 2919 Quoniam
513 2869 572 2920 ergo
584 2869 665 2902 rerum
675 2851 764 2901 similes
778 2850 892 2921 imagines

269 2941 387 2996 oportet,
407 2929 432 2978 δι
449 2944 479 2977 ex
494 2927 603 2975 omnibus
618 2925 698 2976 verbis
715 2937 785 2975 notas
801 2926 871 2978 nobis
888 2942 901 2980 t

268 3002 384 3054 litnrlines
399 3001 489 3068 eligere
507 3001 642 3058 debemus,
661 2998 769 3064 duplices
786 2998 927 3051 similitudis

270 3076 318 3127 ell'e
331 3076 441 3131 debent3
463 3090 516 3122 unae
533 3090 630 3131 rerum,
652 3074 734 3124 alterae
748 3075 887 3124 verborum.
902 3071 960 3125 Re·
991 3132 994 3137 ¹

271 3167 325 3200 rum
346 3146 510 3197 similitudines
527 3147 712 3213 exprimuntur,
734 3164 806 3213 quum
823 3146 956 3197 summatim

271 3223 377 3291 ipsorum
394 3219 547 3289 negotiorum
565 3221 679 3291 imagines
697 3235 872 3287 comparamus.
890 3218 958 3274 Vet-

786 3289 848 3361 Drj
