2400 4067
393 452 695 518 Oualo&
802 476 876 545 gr

197 567 321 638 ceteris,
343 568 372 625 in
390 566 437 624 illa
459 587 514 646 pro
537 563 731 646 Ctesiphonte
746 571 880 631 oratione

197 647 287 729 longe
300 649 428 725 optima,
441 644 615 706 summissius
627 649 742 727 primb3
758 647 880 724 deinde,

185 727 269 787 .dum
281 727 317 788 de
327 727 437 808 legibus
445 725 584 806 disputat,
594 729 719 807 pressius
728 747 738 799 ;
748 726 813 807 pust
821 726 883 791 sen·

196 811 253 866 sim
261 807 418 880 incedens,
436 804 548 886 judices
557 807 674 873 utvidit
684 808 840 882 ardentes,
851 810 881 868 in

196 889 313 968 reliquis
326 887 479 949 exsultavit
497 887 642 949 audacius.
670 887 717 950 Ac
733 890 883 950 ramen.irr

197 969 255 1029 hoc
265 967 348 1050 ipso,
364 969 413 1029 dili
434 985 515 1029 enter
527 971 712 1030 examinante
719 969 881 1033 verborum

197 1053 329 1117 omniurn
347 989 501 1131 pongera,
522 1049 711 1128 reprehenrfit
729 1048 882 1111 AEschines

196 1130 346 1211 quaedam,
364 1131 398 1191 &
411 1130 558 1224 exagitat3
577 1128 704 1191 illudens
738 1150 774 1204 e,
789 1131 881 1208 dura,

197 1210 315 1285 odiosa,
326 1210 517 1273 intolerabrlia
527 1206 584 1270 effe
595 1209 674 1270 dicit.
688 1268 691 1275 ,
732 1212 781 1271 uin
790 1214 881 1274 etiam

197 1294 298 1373 quaerit
308 1291 345 1352 ab
355 1291 434 1373 ipso,
448 1311 538 1373 quum
547 1290 666 1372 quidem
676 1311 744 1353 eum
751 1293 878 1354 belluam

196 1373 349 1452 appellet,
374 1374 471 1433 utr'um
487 1370 537 1431 illa
550 1371 664 1442 verba,
689 1394 725 1431 an
742 1391 879 1452 portenta

192 1456 271 1529 ¹sint:
289 1470 322 1512 ut
334 1451 458 1513 AEschini
472 1471 511 1515 rre
525 1448 743 1511 Demosthenes
759 1453 878 1535 quidem

194 1533 328 1600 videatur
339 1534 437 1595 Attice
450 1532 558 1592 dicere.
829 1540 832 1545 '
867 1594 872 1605 „

238 1633 287 1690 27.
305 1613 400 1675 Facile
418 1611 459 1674 est
473 1615 552 1673 enim
564 1611 689 1672 verbum
701 1612 818 1694 afiquod
831 1608 879 1675 ar'-

196 1693 288 1769 dens,
304 1710 335 1755 ut
351 1695 389 1754 ita
404 1693 516 1767 dicam,
528 1708 651 1765 notare,
666 1692 754 1775 idque
764 1691 881 1755 restinc-

194 1778 230 1837 ris
241 1772 301 1854 jam
311 1777 473 1841 animorum
481 1772 621 1835 incendiis
629 1772 758 1835 irridere.
776 1770 879 1856 Itaque

194 1855 223 1918 se
239 1877 363 1952 purgans
372 1852 485 1936 jocatur
494 1851 711 1917 Demosthenes
720 1899 732 1927 ,
750 1857 879 1938 negatin

196 1957 233 1997 eo
247 1954 355 2017 posrtas
365 1933 422 1997 effe
439 1935 568 1996 fortunas
583 1932 722 2008 Graeciae,
741 1936 756 1966 ⁸
772 1938 803 1995 in
818 1936 877 1997 hoc

194 2038 291 2092 eum,
312 2018 393 2090 hue,
417 2038 455 2077 au
476 2016 543 2077 illuc
564 2035 686 2077 manum
704 2019 880 2097 porrexerit.

193 2098 338 2178 Quonam
360 2098 369 2155 i
390 2098 445 2157 itur
468 2093 562 2157 modo
583 2093 728 2157 audiretur
749 2095 852 2175 Mysus
866 2142 881 2173 ‚

193 2194 242 2237 aut
261 2175 360 2254 Phryx
371 2117 517 2245 {thenin
534 2192 625 2253 quum
640 2175 727 2237 etiam
742 2171 879 2237 Demos-

193 2259 298 2317 thenes
311 2255 489 2336 exagitetur,
500 2267 532 2309 ut
545 2250 680 2330 putidus?
698 2272 787 2331 quum
803 2255 877 2315 verb

193 2335 330 2398 inclinar&
339 2333 515 2414 ululantique
523 2349 620 2399 voce,
636 2349 719 2391 more
729 2329 876 2406 Asiatico,

194 2438 298 2479 canere
310 2411 456 2496 coepiffet‚
469 2412 533 2495 quis
543 2430 611 2472 eum
623 2407 732 2477 ferret?
750 2429 799 2473 aut
814 2415 877 2495 quir

193 2501 292 2584 potius
306 2518 367 2558 non
378 2493 494 2576 juberet
507 2489 633 2555 auferri?

236 2577 289 2640 lx.
309 2577 358 2637 Ad
382 2576 549 2638 Atticorum
567 2573 653 2654 igitur
672 2591 753 2633 aures
770 2587 877 2638 teretes

196 2659 229 2719 &
245 2656 389 2740 religiosas
404 2659 453 2738 qui
470 2654 499 2728 se
516 2652 760 2727 accommodant,
779 2655 797 2713 ii
813 2651 877 2712 sunt

193 2737 371 2799 existimandi
381 2737 480 2797 Attice
496 2736 603 2799 dicere.
623 2733 759 2813 Quorum
770 2753 878 2815 genera

194 2819 276 2897 plura
294 2815 373 2887 sunt3
392 2817 421 2877 hi
437 2837 524 2876 unum
535 2814 628 2873 modb
669 2814 732 2875 uale
744 2817 797 2886 sit,
817 2811 880 2871 sus·

195 2899 336 2980 picantur.
365 2893 467 2954 Putant
476 2897 573 2966 enim,
593 2835 771 2973 qui‘iwtride
783 2890 877 2951 incul-

194 2979 283 3064 teque
298 2975 390 3048 dicat,
409 2974 500 3037 modb
510 2973 540 3034 id
551 2973 698 3057 eleganter
711 2971 879 3035 enucleate·
