2400 4067
333 504 408 580 154
459 486 533 554 Da
562 485 895 554 lurauriour:

328 601 501 665 constituiffe
527 601 564 663 de
593 601 717 660 oratoris
740 598 867 673 officio,
894 599 928 661 &
954 622 1021 666 noir

330 685 400 768 quid
416 706 482 757 ars,
497 682 547 744 sed
559 683 630 765 quid
640 680 699 763 ipse
711 679 822 762 poiiet,
836 680 1019 762 exposuiiie:

329 788 407 828 nunc
427 767 502 827 veri>
527 785 562 826 ea
582 767 628 823 vis
652 761 693 823 est
716 765 746 822 in
769 763 912 837 homine,
931 782 965 824 ut
991 766 1021 827 ei

329 847 423 910 multo
451 847 626 907 rhetoricam
650 845 732 904 citiirs
779 846 822 902 uis
851 843 1023 922 ademerit,

372 929 420 990 im
435 926 649 1009 philosophiam
661 865 841 985 concedent.
857 923 966 1007 Neque
981 928 1024 988 eo

330 950 420 1081 dinco,
441 1008 521 1090 quid
543 1006 607 1077 eius
630 1027 674 1066 ars
699 1026 787 1087 quam
812 1005 930 1081 edidit,
949 1008 1025 1071 mihi

330 1090 553 1152 mendosissime
565 1087 668 1169 scripta
682 1087 831 1148 videatur:
845 1085 938 1168 (nam
953 1087 1022 1150 satis

331 1174 361 1235 in
377 1191 414 1232 ea
430 1170 546 1230 videtur
564 1189 600 1229 ex
618 1169 739 1248 antiquis
759 1168 867 1228 artibus
881 1170 912 1226 in
935 1173 1026 1231 enio-

332 1253 363 1313 se
382 1253 415 1313 &
431 1252 585 1334 diligenter
603 1248 708 1309 eledas
728 1270 774 1309 res
791 1189 968 1323 collocade‚
987 1252 1020 1314 ἃ

333 1333 465 1395 nonnihil
477 1331 537 1414 ipse
553 1351 672 1413 quoque
689 1331 760 1389 novi
776 1329 948 1414 protulisse)
965 1352 1023 1393 ve·

333 1418 397 1477 nim
416 1415 526 1475 oratori
543 1415 694 1472 minimum
716 1409 756 1472 est
776 1410 813 1472 de
835 1429 898 1472 arte
918 1412 1000 1496 loqui
1011 1459 1026 1490 ,.

355 1496 415 1556 uod
433 1497 481 1555 hic
501 1494 592 1556 fecit:
615 1491 707 1552 multo
725 1495 884 1552 maximum
902 1512 1024 1559 exarte

333 1517 451 1649 dicere,
462 1575 546 1660 quod
559 1595 628 1636 eum
643 1573 761 1633 minime
773 1571 896 1654 potuiffe
914 1597 1025 1637 omnes

332 1659 478 1721 ridemus.
504 1657 607 1736 Quare
636 1656 756 1715 materia
784 1655 905 1736 quidem
934 1657 1028 1719 nobis.

332 1740 487 1800 rhetoricae
503 1738 621 1798 videtur
637 1757 693 1810 ea,
712 1756 800 1818 quam
811 1734 965 1800 Aristoteli
976 1740 1027 1801 vi-

332 1819 394 1880 sam
409 1817 466 1880 esse
483 1818 616 1878 diximus.

375 1899 458 1960 Vll.
472 1899 570 1959 Partes
589 1914 687 1958 autem
702 1896 748 1958 hae
765 1896 851 1971 sunt,
866 1919 940 1980 quas
952 1900 1027 1982 ple·

313 2039 316 2043 .
333 1982 417 2062 tique
434 1981 587 2053 dixerunt,
604 1979 759 2051 inventio,
774 1977 943 2060 dispositio,
959 1984 1023 2044 elo·

323 2065 435 2137 rcutio,
458 2063 626 2134 memoria,
646 2062 856 2140 pronuntiatio.
881 2059 1023 2127 Inventio

335 2141 377 2203 est
392 2145 568 2226 excogitatio
585 2162 683 2203 rerum
698 2161 854 2214 verarum,
873 2161 924 2204 aut
940 2147 1025 2206 veri·

334 2225 492 2298 similium,
516 2245 580 2306 quae
606 2221 718 2284 causam
742 2222 927 2306 probabilem
951 2227 1024 2287 ted·

335 2305 416 2367 dant.
435 2303 597 2388 Dispositio
617 2305 658 2366 est
675 2323 773 2365 return
791 2307 978 2367 inventarum
992 2310 1027 2368 in

334 2388 470 2448 ordinem
491 2387 663 2448 distributio.
680 2385 815 2447 Elocutio
835 2384 877 2446 est
892 2386 1024 2451 idoneo·

334 2489 399 2528 rum
423 2469 609 2541 verborum,
638 2469 670 2528 &
692 2466 899 2527 sententiatum
920 2469 957 2530 ad
975 2471 1024 2530 in·

334 2553 509 2617 iterationem
530 2547 779 2609 accommodatio.
803 2548 953 2611 Memoria
979 2551 1024 2613 est

328 2625 418 2702 firma
428 2632 516 2690 animi
529 2649 627 2689 rerum
642 2649 674 2689 ac
689 2631 849 2690 verborum
865 2629 902 2690 ad
919 2632 1025 2694 elocu-

334 2711 447 2771 tionem
464 2712 627 2791 perceptio.
642 2709 843 2771 Pronuntiatio
861 2710 902 2772 est
918 2733 956 2774 ert
973 2735 1026 2777 re·

334 2810 399 2851 rum
416 2792 449 2852 δι
465 2791 626 2852 verborum
642 2789 800 2874 dignitate,
813 2795 896 2852 vocis
910 2795 943 2854 &
957 2816 1028 2857 cor-

333 2876 419 2956 poris.
428 2873 604 2936 moderatio.
621 2870 709 2935 Nunc
726 2871 768 2932 his
786 2873 873 2934 rebus
890 2875 1024 2940 breviter

335 2953 515 3029 constitutis,
532 2975 581 3015 eas
596 2955 743 3029 tationes,
760 2956 863 3036 quibus
880 2956 1029 3021 ostende·

333 3056 367 3099 te
381 3040 527 3120 possimus·
539 3056 654 3122 genus,
666 3036 700 3102 &
717 3034 868 3113 officum,
878 3039 911 3102 &
928 3037 1029 3104 finem
