2400 4067
340 488 414 579 258
466 486 540 557 ΒΕ
566 487 903 558 Iuruurronn

337 620 451 685 partem
478 602 643 703 singillatim
669 600 706 663 de
730 621 905 682 unaquaque
933 602 1031 683 expli-

339 705 426 757 care,
447 684 559 744 &alias
573 684 656 744 aliter
668 683 731 742 baec
744 683 774 741 in
789 700 948 770 utramque
965 705 1031 767 pat-

339 780 401 826 tem
417 764 505 825 causae
520 764 613 827 solent
630 765 803 827 convenire„

381 845 465 909 xlv.
481 846 582 925 Quare
594 844 778 905 considerare
790 844 873 919 haec,
892 865 962 927 quae
975 865 1029 907 ex-

338 925 502 1007 posuimus,
515 927 676 1007 oportebit.
689 925 809 987 Facilibs
821 943 922 988 autem
935 926 973 988 ad
984 928 1027 986 in·

337 1011 510 1069 ventionem
526 1010 636 1067 animus
649 1006 789 1080 incedet,
805 1009 829 1067 si
844 1004 919 1091 gesti
936 1027 1029 1089 nego·

339 1090 393 1161 tii,
416 1090 449 1149 &
470 1088 571 1163 filam,
597 1090 630 1148 &
653 1086 806 1148 adversarii
829 1090 1028 1150 narrationem

338 1167 412 1248 saepe
437 1170 469 1229 dt
492 1168 645 1250 diligenter
667 1168 876 1249 pessundabit,
903 1168 939 1227 &
959 1169 1027 1250 quid

338 1270 460 1330 quaeque
473 1272 538 1329 pars
550 1249 713 1330 suspicionis
727 1249 867 1323 habebit,
886 1249 1028 1323 eliciens,

337 1331 557 1403 considerabit,
578 1351 689 1411 quare,
751 1348 770 1389 o
797 1329 950 1407 consilio,
973 1330 1025 1412 qut

337 1411 387 1494 spe
421 1410 570 1472 erficiendi
580 1410 705 1493 quidque
711 1351 824 1472 lictum
835 1413 872 1469 sit
884 1431 891 1469 :
906 1433 959 1472 cur
972 1412 1025 1472 boc

338 1433 432 1557 modo
449 1494 568 1573 podiis,
586 1491 673 1573 quim
687 1490 738 1550 illo
754 1514 762 1552 ε·
776 1512 825 1550 cur
839 1493 876 1554 ab
894 1491 955 1553 hoc
972 1513 1026 1574 po-

338 1578 417 1649 tibs‚
439 1573 527 1654 quim
546 1573 583 1632 ab
604 1572 655 1632 illo
672 1593 679 1631 :
696 1593 747 1632 cur
765 1571 845 1633 nullo
865 1570 1028 1653 adjutore,

339 1674 388 1720 aut
407 1675 457 1715 cur
476 1656 535 1714 hoc
549 1675 557 1713 ι
573 1675 624 1713 cur
641 1673 730 1713 nemo
746 1654 782 1711 sit
803 1652 961 1730 conscius,
980 1669 1027 1715 aut

340 1760 390 1797 cur
408 1738 467 1806 sit,
489 1751 538 1797 aut
556 1756 605 1793 cur
622 1735 669 1793 hic
686 1736 743 1792 sit:
760 1754 810 1793 cur
825 1734 884 1794 hoc
902 1735 968 1798 autb
985 1734 1029 1796 fa·

340 1818 417 1878 llum
431 1818 466 1876 sit
482 1836 489 1873 :
507 1837 557 1875 cur
566 1815 625 1874 hoc
637 1815 703 1875 ante
713 1813 819 1875 fadlum
829 1819 942 1878 nonsit
956 1837 964 1875 ε
980 1837 1032 1877 cur

339 1900 443 1959 hocin
460 1895 521 1978 ipso
538 1897 661 2033 nepotio
681 1915 689 1952 ε
708 1916 759 1954 cur
774 1895 832 1955 hoc
848 1894 917 1976 post
934 1918 1032 1981 nego-

338 1981 435 2041 tium:
452 1995 501 2038 aut
523 1977 572 2054 qui
614 1974 721 2036 fusium
742 1974 782 2039 de
798 1974 937 2038 industria
957 1999 964 2038 :
983 1994 1030 2038 aut

340 2061 410 2143 quid
427 2080 489 2120 rem
503 2054 593 2138 ipsam
608 2055 794 2117 consecutum
806 2058 842 2116 sit
854 2077 861 2116 :
877 2056 1032 2122 constetne

341 2145 436 2209 oratio
456 2155 504 2204 aut
522 2158 589 2201 cum
609 2156 641 2199 re
655 2183 668 2212 ‚.
686 2153 734 2201 aut
752 2136 811 2218 ipsa
829 2136 929 2202 secum
944 2161 953 2202 ε
971 2140 1030 2203 boc

340 2221 459 2305 hujusne
475 2221 518 2281 rei
533 2221 569 2280 sit
587 2218 726 2298 signum,
746 2240 782 2277 an
800 2217 898 2293 illius,
920 2241 959 2283 nn
976 2222 1031 2283 hu-

339 2303 385 2388 jus
399 2305 432 2365 δι
444 2302 539 2377 illius,
554 2302 587 2364 &
600 2301 691 2359 utrius
701 2301 798 2381 potibs
816 2321 823 2358 ε
838 2301 911 2381 quid
923 2301 1032 2366 fadum

341 2390 377 2449 sit
393 2384 475 2467 quod
492 2404 553 2446 non
571 2384 758 2471 oportuerit„
775 2396 824 2445 aut
841 2382 1033 2448 sorsfactum

339 2466 421 2553 quod
439 2468 614 2545 oportuerit.

381 2546 432 2621 46.
454 2546 557 2625 Quum
575 2547 685 2605 animus
702 2543 756 2603 liae
778 2543 944 2608 intentione
965 2566 1034 2606 ont·

339 2646 392 2686 nes
406 2629 495 2687 totius
505 2628 615 2708 negotii
626 2643 722 2708 partes
734 2624 953 2701 considerabit,
969 2643 1033 2688 turn

339 2707 380 2768 illi
398 2708 454 2791 ipsi
469 2709 501 2771 in
516 2706 646 2771 medium
666 2704 827 2767 conservati
841 2706 902 2768 loci
922 2728 1036 2788 proce-

341 2787 434 2861 dent,
454 2786 493 2860 de
503 2788 605 2868 quibus
615 2788 680 2848 ante
692 2788 798 2849 dictum
809 2784 873 2860 esl3
895 2788 1034 2871 &quum

341 2887 378 2934 ex
391 2866 530 2949 singulis,
550 2884 614 2931 tum
629 2889 666 2933 ex
681 2868 841 2951 conjundlis
857 2886 1037 2951 argumente

342 2966 419 3011 certa
440 2946 590 3011 nascentur
612 2970 619 3009 z
641 2972 766 3033 quorum
789 2966 1034 3048 argumentorum

340 3051 406 3115 pars
424 3029 592 3117 probabili,
615 3055 681 3120 pars
697 3033 852 3098 uccellano
871 3034 909 3097 in*
920 3051 1037 3121 genere
