2400 4067
232 464 307 561 368
382 465 770 534 Pnnrrrrorrat

221 585 325 656 ‘nitas3
339 580 454 641 creditis
464 582 493 640 in
507 579 612 654 rebus,
626 576 698 640 fides
706 600 716 652 3
733 582 763 640 in
777 579 912 642 modera-

231 665 313 724 tione
323 661 592 734 animadvertendi,
610 661 732 734 lenitas3
751 662 876 723 amicitia
884 665 911 724 iu

229 743 441 806 benevolentia
454 743 631 804 nominatur.
819 781 823 789 ι

273 823 387 888 XXIII.
405 824 506 905 Atque
521 822 566 883 hae
585 822 704 905 quidem
715 823 840 883 virtutes
852 844 913 885 cer·

231 924 339 966 nuntur
356 908 386 965 in
404 905 531 986 agendo.
562 903 635 964 Sunt
650 921 747 962 autem
761 903 824 963 aliae
837 907 913 986 quasi

232 984 387 1060 ministrae,
406 984 584 1065 comitesque
603 983 770 1064 sapientiae:
796 1006 913 1066 quarum

233 1068 343 1139 altera,
357 1087 421 1147 quae
434 1069 489 1125 sint
499 1069 527 1124 in
541 1064 711 1144 disputando
723 1085 815 1138 vera,
830 1084 914 1148 atque

234 1146 321 1221 salsa,
336 1145 494 1239 quibusque
504 1148 605 1227 positis
616 1145 685 1226 quid
698 1144 852 1225 sequatur,
869 1146 917 1207 dis·

234 1229 339 1308 tinguit
351 1227 389 1285 8(-
394 1225 503 1306 judicat
519 1247 526 1283 :
546 1247 610 1305 quae
623 1228 713 1284 virtus
726 1227 861 1287 omnisin
871 1251 915 1289 ta·

233 1309 316 1368 tione
326 1306 502 1388 scientiaque
516 1305 683 1385 disputandi
697 1308 751 1366 sita
760 1305 813 1367 est.

275 1406 327 1467 79.
348 1385 452 1451 Altera
468 1404 566 1446 autem
583 1387 728 1446 oratoria:
750 1387 822 1447 nihil
840 1390 915 1453 enim

235 1465 277 1529 est
293 1468 369 1528 aliud
381 1468 570 1550 eloquentia,
584 1470 639 1527 nisi
652 1468 775 1547 copiose
793 1469 914 1550 loquens

234 1548 392 1630 sapientia3
413 1571 477 1630 quae
495 1569 531 1608 ex
546 1547 654 1608 eodem
672 1545 770 1607 hausta
788 1569 915 1631 genere,

236 1651 295 1710 quo
312 1631 380 1703 iila,
399 1652 463 1711 quae
475 1632 502 1687 in
516 1628 708 1708 disputando,
727 1628 849 1690 uberior
860 1629 915 1706 est,

237 1728 324 1791 arque
337 1711 444 1784 latior,
460 1710 492 1769 &
505 1709 649 1768 admotus
662 1711 847 1784 animorum,
860 1715 917 1774 vul·

238 1794 324 1872 gique
336 1791 429 1851 sensus
440 1789 702 1848 accommodatior.
731 1787 839 1851 Custos
847 1795 915 1856 veru

236 1874 375 1930 virtutum
386 1873 537 1943 omnium,
557 1869 685 1929 dedecus
704 1868 839 1952 fugiens,
861 1873 917 1934 lau·

232 1951 363 2032 demque
380 1950 504 2009 maxime
523 1949 609 2009 conse
632 1971 722 2022 uens,
740 1955 916 2016 verecundia

225 2029 287 2092 est.
318 2031 418 2112 Atque
434 2031 463 2089 hi
479 2030 541 2089 sunt
557 1973 676 2112 quidem
690 2031 752 2091 fere
761 2038 843 2114 quasi
858 2038 917 2117 qui·

238 2112 305 2172 dam
319 2113 432 2172 habitus
445 2113 552 2184 animi,
573 2115 613 2171 sic
627 2109 720 2172 affecti
734 2158 743 2186 ,
765 2115 798 2173 &
815 2115 917 2176 cousti-

225 2196 310 2267 ¹tuti,
329 2211 360 2253 ut
373 2196 428 2253 sint
444 2193 546 2274 singuli
560 2193 635 2253 inter
647 2192 675 2252 se
688 2197 812 2273 proprio
828 2199 918 2257 virtu·

237 2277 273 2333 tis
294 2295 402 2356 genere
423 2273 565 2346 distincti3
586 2297 603 2333 a
626 2275 728 2354 quibus
747 2292 779 2334 ur
819 2299 917 2358 uaeque

237 2375 283 2415 res
300 2355 378 2437 gesta
396 2354 457 2429 est,
475 2357 515 2414 ita
533 2357 568 2413 sit
587 2353 707 2415 honesta
724 2298 839 2418 necesse
858 2358 917 2434 est,

235 2434 345 2496 summ&
366 2458 402 2497 ue
420 2436 581 2495 laudabilis.

278 2515 326 2574 80.
347 2458 419 2576 ium
433 2535 529 2576 autem
540 2517 587 2575 alii
596 2515 713 2596 quidam
724 2515 848 2597 perfesii
859 2522 918 2580 ani·

237 2597 277 2655 nri
296 2596 409 2656 habitus
425 2598 461 2655 ad
476 2599 615 2657 virtutem
638 2601 719 2678 quasi
735 2601 867 2679 praeculti
886 2604 917 2662 δι

233 2679 388 2816 graeparari
412 2677 495 2737 redis
512 2676 609 2736 studiis
630 2678 662 2737 &
687 2679 819 2753 arribus3
840 2700 872 2742 ut
889 2686 918 2743 in

246 2759 288 2817 uis
301 2757 409 2830 rebus,
426 2757 516 2817 studia
534 2758 712 2833 litterarum,
734 2777 766 2819 ut
779 2783 919 2824 numero·

235 2859 320 2914 rum,
338 2857 369 2900 ut
383 2838 540 2912 sonorum,
561 2856 592 2897 ut
607 2840 765 2914 mensurae,
790 2861 822 2902 ut
838 2845 918 2906 side-

234 2941 317 2994 rum,
336 2937 368 2980 ut
386 2939 549 3000 equorum,
565 2937 597 2980 ut
614 2921 761 2994 venandi,
776 2940 808 2982 ut
819 2945 917 2986 armo·

227 3020 318 3064 rum:
339 3000 599 3076 monitionibus,
618 3004 811 3086 propensiora
826 3003 918 3069 studia
