2400 4067
331 521 408 595 4m
522 497 818 567 Tonrcn

237 635 245 649 ·
329 616 513 700 postliminii:
529 636 597 675 narn
610 614 642 673 id
651 613 767 674 caderet
780 616 809 674 in
823 613 1013 692 divisionem,

329 719 394 778 quae
412 697 476 756 talis
495 693 536 757 est
554 718 561 755 ε
587 693 765 755 Postliminio
786 696 914 774 redeunt
931 699 1012 772 haec,

329 781 444 853 honio,
465 779 566 852 navis,
580 777 675 834 mulus
689 775 875 852 clitellarius,
902 797 1011 859 equus,

329 880 422 941 equa,
437 879 499 939 quae
513 856 594 916 frena
605 859 734 937 recipere
750 854 833 917 solet.
854 856 916 918 Sed
927 880 1012 940 quum

330 943 418 1021 ipsius
434 937 603 1020 postliminii
616 940 660 995 vis
674 939 825 1018 quaeritur,
842 938 875 998 &
891 940 1012 999 verbum

330 1019 420 1102 ipsum
439 1035 575 1080 notatur:
596 1019 625 1076 in
640 1040 698 1098 quo
718 1016 834 1078 Servius
854 1018 1014 1095 noster,ut

330 1102 454 1182 opinor,
477 1100 547 1159 nihil
569 1116 651 1180 putat
674 1096 731 1159 effe
748 1099 937 1174 notandum,
962 1104 1012 1160 nisi

326 1185 387 1264 post
394 1203 408 1253 ;
428 1181 460 1240 &
474 1181 610 1239 liminium
621 1179 708 1252 illud,
722 1179 949 1259 productionem
961 1181 1014 1242 elle

329 1262 412 1324 verbi
429 1261 514 1334 vult,
531 1276 563 1319 ut
574 1263 604 1320 in
611 1261 749 1338 finitimo,
766 1261 905 1342 legitime,
927 1265 1016 1323 aediri-

330 1366 393 1417 mo,
408 1363 470 1402 non
483 1342 547 1422 plus
560 1338 648 1404 inelle
660 1343 772 1416 timum,
785 1341 918 1422 quintin
929 1346 1017 1404 medi-

330 1425 412 1486 tullio
422 1424 541 1484 tullium.

374 1522 421 1584 37.
438 1502 571 1565 Scaevola
587 1517 702 1576 autern,
716 1500 809 1561 Publii
826 1499 920 1577 lilius,
933 1500 1016 1580 junc-

330 1603 394 1648 turn
412 1601 495 1667 putat
511 1582 569 1645 effe
583 1583 726 1656 verbum,
748 1600 779 1641 ut
797 1584 833 1642 sit
850 1584 882 1643 in
902 1605 966 1660 eo,
986 1587 1015 1649 ἃ

327 1671 407 1749 posi,
434 1667 466 1726 &
481 1667 562 1726 limen
578 1687 588 1725 .·
613 1682 644 1724 ut
665 1685 727 1744 quae
745 1685 762 1722 a
778 1664 864 1723 nobis
892 1666 1015 1727 alienata

331 1747 414 1820 sunt,
430 1767 518 1828 quum
531 1745 569 1804 ad
582 1743 697 1805 hostem
712 1746 920 1824 pervenerint,
938 1748 971 1807 δι
983 1767 1015 1808 ex

295 1834 297 1839 ’
331 1827 382 1888 suo
398 1844 545 1906 tamquam
565 1826 664 1893 limine
682 1825 822 1899 exierint,
842 1824 912 1886 dein
928 1849 1014 1909 quum

331 1909 467 1969 redierint
483 1904 546 1986 post
563 1906 601 1964 ad
612 1905 691 1965 idem
703 1905 811 1979 limen,
834 1905 1013 1986 postliminio

331 1988 486 2048 videantur
504 1984 625 2046 rediille.
652 1985 726 2065 Quo
748 1990 777 2046 in
800 2007 909 2068 genere
931 1992 1013 2050 etiam

331 2069 462 2130 Mancini
477 2066 557 2127 causa
573 2065 691 2127 defendi
697 2063 818 2207 ίῗοῑεῆ,
836 2066 1014 2147 postliminio

331 2147 601 2212 rediillezdeditum
610 2168 695 2208 none
719 2167 747 2222 e,
755 2151 895 2229 quoniam
906 2172 971 2212 non
982 2154 1013 2212 sit

331 2247 474 2314 receptus.
501 2229 580 2290 Nam
593 2249 688 2311 neque
700 2229 902 2304 deditionem,
919 2252 959 2294 ne
997 2252 1012 2293 e

333 2315 523 2385 donationem
533 2314 593 2371 sine
606 2313 776 2390 acceptione
789 2311 915 2393 intelligi
923 2336 964 2394 po
987 2335 1011 2375 e.

375 2394 428 2455 IX.
447 2391 580 2472 Sequitur
595 2394 618 2450 is
631 2390 731 2464 locus,
745 2392 794 2472 qui
808 2390 924 2452 constat
942 2397 1013 2455 exiis

332 2475 437 2548 rebus,
456 2494 519 2554 quae
530 2471 659 2553 quodam
675 2471 768 2532 modo
782 2469 892 2532 affeilae
906 2475 1014 2535 suntad

333 2555 385 2629 id,
406 2554 444 2613 de
459 2573 517 2632 quo
540 2554 618 2611 ambi
639 2555 714 2624 irur;
736 2572 825 2632 quem
841 2555 941 2614 modo
963 2557 1014 2615 dixi

332 2638 362 2696 in
373 2634 467 2716 plures
476 2650 572 2713 partes
586 2573 774 2692 diliributum.
800 2630 895 2712 Cujus
907 2637 1014 2716 primus

332 2714 373 2779 est
393 2716 474 2774 locus
491 2733 527 2773 ex
551 2711 777 2795 conjugatione,
803 2733 893 2793 quam
918 2715 1015 2778 Graeri

333 2797 463 2876 συζυγίαι
476 2810 604 2867 vocant,
627 2792 763 2853 finitimus
783 2797 958 2872 notationi,
981 2799 1013 2858 de

331 2898 388 2959 qua
402 2874 494 2935 modi)
508 2875 614 2934 dicium
633 2873 693 2934 est:
716 2891 765 2946 ut,
785 2875 809 2932 si
826 2896 938 2957 aquarn
951 2881 1015 2959 plu·

330 2962 409 3018 viam
424 2978 490 3017 eam
501 2956 591 3016 modo
605 2955 849 3036 intelligeremus,
886 2980 957 3018 uam
967 2963 1016 3019 im·

330 3040 375 3102 bri
388 3037 541 3102 colleilam
549 3037 715 3100 videremus
724 3055 736 3110 3
751 3038 866 3100 veniret
918 3043 1017 3116 ucius,
