2400 4067
320 466 396 557 248
444 466 520 533 Dr
546 465 882 533 Iursnrroun

320 579 514 661 explicanda,
532 595 565 638 ut
582 578 615 639 δι
632 598 677 639 res
693 578 752 659 ipsa
769 577 879 670 asado
896 571 1011 640 crudeli

321 661 353 719 ὃ(
365 661 533 722 turbulento
545 659 582 719 ad
597 657 746 742 quoddam
763 661 859 720 mitius
873 661 908 720 &
925 677 1012 720 tran·

318 741 433 822 quillius
453 741 645 813 traducatur,
673 740 705 800 &
729 744 821 801 oratio
845 759 947 801 tamen
971 740 1012 800 ad

320 824 448 882 animum
469 820 556 901 ejus,
581 822 633 903 qui
654 820 777 895 audiet,
804 821 896 882 &ad
919 823 1013 882 animi

320 903 478 986 quemdam
490 905 624 962 intimum
634 900 744 962 sensum
757 902 1011 992 accommodetur.

364 984 414 1043 26.
423 983 664 1042 Ratiocinationis
674 1000 771 1043 autem
780 982 957 1063 suspiciones
967 985 1014 1042 iu·

321 1060 466 1137 firmabit,
484 1066 507 1123 si
519 1081 567 1123 aut
580 1064 772 1123 commodum
784 1064 895 1124 nullum
909 1062 1014 1139 fuisse,

321 1161 371 1204 aut
384 1165 527 1223 parvum,
546 1160 594 1204 aut
607 1145 666 1204 aliis
678 1145 769 1228 magis
784 1143 885 1217 fuisse,
901 1161 951 1205 aut
964 1146 1015 1204 ni-

321 1224 382 1283 hilb
403 1227 457 1285 sibi
474 1227 588 1307 magis,
610 1224 697 1308 qudm
716 1228 802 1301 aliis,
826 1243 874 1286 aut
892 1228 1015 1287 incom-

320 1305 444 1368 modum
461 1306 515 1365 sibi
526 1302 639 1384 majus,
658 1304 745 1387 quim
758 1307 951 1378 commodum
964 1307 1014 1366 di-

322 1404 370 1446 cet
384 1407 391 1445 :
407 1405 439 1447 ut
451 1407 635 1469 nequaquam
650 1385 736 1447 suerit
749 1389 824 1450 illius
835 1386 988 1447 commodi
999 1432 1015 1461 ‚

322 1467 404 1548 quod
418 1470 578 1549 expetitum
592 1468 724 1543 dicatur,
746 1468 916 1551 magnitudo
930 1513 941 1541 ‚
960 1484 1014 1529 aut

323 1569 440 1608 tumeo
453 1549 646 1610 incommodo
659 1594 668 1622 ‚
686 1550 767 1629 quod
783 1548 920 1610 acciderit
933 1593 943 1622 ‚
962 1565 1016 1609 aut

323 1650 391 1688 cum
405 1630 456 1689 illo
473 1630 629 1711 periculo,
648 1629 728 1712 quod
746 1630 902 1705 subeatur,
924 1650 1015 1689 com-

322 1711 476 1791 paranda:
495 1714 543 1792 qui
564 1730 668 1770 omnes
688 1710 749 1770 loci
765 1711 893 1769 similiter
912 1712 944 1768 in
967 1712 1019 1769 ini

324 1792 480 1854 commodi
490 1812 610 1873 quoque
625 1792 767 1850 vitatione
784 1790 995 1851 tradabuntur.

367 1891 416 1947 27.
436 1871 486 1931 Sin
506 1870 652 1931 accusator
670 1870 795 1944 dixerit,
815 1890 883 1929 eum
901 1870 932 1927 id
955 1868 1020 1932 effe

322 1950 476 2025 secutum,
495 1951 575 2042 quod
590 1952 617 2010 ei
632 1948 724 2010 visum
742 1954 776 2011 sit
792 1949 992 2011 commodum
1008 1996 1021 2025 ‚

324 2050 373 2092 aut
385 2033 414 2093 id
426 2030 525 2114 fugisle
537 2077 547 2105 ‚
561 2030 643 2113 quod
654 2033 760 2110 putarit
775 2028 830 2090 effe
843 2032 1018 2091 incommo-

262 2159 264 2163 .
324 2113 415 2187 dum,
433 2134 608 2254 &amquam
623 2110 731 2172 insalsa
746 2111 831 2171 suerit
845 2112 991 2191 opinione
1007 2134 1018 2171 τ

324 2194 434 2254 demon
474 2194 582 2256 andum
600 2194 654 2254 erit
674 2192 841 2266 defensori,
862 2195 1016 2254 neminem

324 2293 412 2335 tantae
424 2274 481 2336 effe
490 2274 634 2347 stultitiae,
652 2276 700 2354 qui
710 2275 761 2335 tali
771 2277 800 2332 in
812 2292 843 2332 re
857 2275 950 2353 possit
959 2294 1018 2335 ve-

324 2360 442 2419 ritatem
454 2360 600 2440 ignorare.
617 2354 712 2435 Qubd
729 2359 752 2415 si
764 2354 795 2415 id
812 2353 1018 2432 concedatur,

325 2439 397 2499 illud
411 2460 472 2499 non
489 2435 655 2499 concessum
666 2439 722 2508 iri;
742 2457 779 2498 ne
796 2432 933 2495 dubitasse
950 2438 1018 2516 qui-

326 2520 398 2578 dem
415 2520 492 2577 hunc
515 2518 585 2599 quid
606 2514 667 2594 ejus
686 2514 755 2594 juris
773 2514 865 2589 effer,
888 2514 941 2575 sed
960 2517 1018 2591 id,
1039 2533 1062 2583 ‘t

326 2599 410 2680 quod
430 2598 531 2658 falsum
548 2597 655 2669 fuerit,
678 2598 740 2657 sine
758 2596 816 2655 ulla
834 2595 1017 2660 dubitatione

351 2701 383 2738 ro
404 2676 500 2750 sals03
522 2676 603 2757 quod
622 2695 749 2748 verum,
770 2699 825 2757 pro
846 2697 920 2737 vero
963 2700 1018 2737 ro-

327 2702 414 2819 baffe.
434 2756 527 2836 Qubd
541 2759 564 2814 si
582 2756 779 2830 dubitaverit,
800 2755 916 2821 summae
933 2700 1019 2822 disse,

252 2873 255 2878 -
328 2840 480 2913 amentiae,
499 2835 586 2898 dubis
603 2836 653 2931 spe
669 2838 842 2919 impulsum,
860 2856 972 2902 certum
985 2842 1019 2899 in
1048 2859 1052 2864 ’

186 3323 318 3468 «t.

329 2921 487 3003 periculum
501 2919 529 2980 se
546 2937 744 2981 commtttere.

371 3002 421 3066 28.
441 3000 704 3087 Quemadmodum
724 3018 823 3066 autem
842 2999 991 3065 accusator
1006 3047 1021 3078 ‚
