2400 4067
664 714 786 777 AD
832 704 1362 776 HERENNIUM
1411 702 1492 774 L.
1546 696 1683 774 IV.
1787 699 1884 773 81·

811 1000 1312 1080 LIBER
1415 998 1599 1076 IV.

510 1179 560 1234 Ῑ·
595 1110 731 1270 Q
751 1215 998 1256 vonum
1029 1203 1079 1254 in
1106 1203 1205 1253 hoe
1234 1199 1362 1252 libro
1384 1232 1402 1260 ,
1441 1197 1503 1251 C.
1531 1198 1789 1261 Herenni,
1826 1198 1891 1255 de'

506 1276 798 1329 elocutione
824 1277 1190 1345 conscripsimus
1210 1309 1226 1335 ,
1264 1276 1317 1327 ὃ(
1333 1275 1504 1342 quibus
1525 1275 1576 1325 in
1592 1275 1738 1326 rebus
1762 1290 1907 1346 opus·

506 1349 606 1399 fuit
635 1352 865 1418 exemplis
894 1352 968 1401 uti
990 1385 1007 1411 ,
1037 1351 1206 1403 nostris
1237 1349 1469 1417 exemplis
1497 1348 1571 1399 usi
1597 1348 1751 1399 sumus
1773 1367 1790 1408 3
1832 1351 1887 1402 &

507 1421 564 1471 id
590 1422 790 1477 fecimus
817 1437 994 1491 praeter
1020 1423 1414 1476 consuetudinem
1438 1421 1728 1474 Graecorum
1751 1457 1766 1482 ,
1804 1423 1887 1490 qui

507 1495 577 1545 de
605 1496 697 1546 hac
728 1515 782 1548 re
811 1498 1096 1564 scripserunt
1118 1516 1136 1556 3
1174 1495 1435 1547 neceffario
1463 1496 1741 1547 faciendum
1774 1497 1840 1547 est
1863 1530 1882 1559 ‚

510 1579 572 1618 ut
608 1571 773 1633 paucis
814 1572 1052 1619 rationem
1088 1570 1235 1619 nostri
1270 1569 1458 1625 consilii
1495 1570 1684 1619 demus.
1719 1569 1883 1635 Atque

513 1639 616 1689 hoc
650 1658 739 1692 nos
772 1642 1132 1692 necessitudine
1169 1641 1332 1691 facere
1356 1673 1372 1698 ,
1413 1657 1514 1691 non
1544 1639 1698 1690 studio
1722 1675 1738 1700 ‚
1779 1642 1889 1694 satis

511 1713 613 1764 erit
640 1714 763 1782 signi
784 1749 801 1776 ,
843 1712 973 1782 quod
992 1715 1041 1764 in
1071 1714 1390 1781 superioribus
1420 1714 1549 1763 libris
1577 1714 1694 1764 nihil
1727 1732 1889 1783 neque

512 1800 631 1838 ante
652 1804 754 1838 rem
775 1822 791 1848 ,
827 1798 986 1856 'neque
1008 1799 1185 1854 praeter
1205 1804 1308 1838 rem
1327 1788 1484 1837 locuti
1504 1786 1678 1839 sumus.
1712 1789 1853 1840 Nunc
1871 1824 1888 1850 ,

508 1861 555 1911 si
589 1877 743 1927 pauca
767 1895 783 1921 ,
821 1879 929 1930 quae
956 1877 1035 1912 res
1065 1860 1304 1927 postulat,
1342 1860 1601 1911 dixerimus
1624 1895 1639 1920 ,
1676 1861 1767 1911 tibi
1798 1864 1844 1912 id
1868 1898 1889 1924 ,

508 1933 645 2000 quod
671 1935 907 2002 reliquum
936 1933 1002 1985 est
1022 1936 1136 1986 artis
1157 1968 1172 1993 ,
1209 1936 1275 1985 ita
1297 1967 1312 1993 ‚
1346 1946 1400 1984 ut
1428 1934 1710 1985 instituimus
1730 1969 1745 1995 ,
1781 1954 1890 2001 per·

506 2007 769 2059 solvemus.
790 2009 886 2059 Sed
910 2006 1093 2059 facilius
1113 2008 1317 2058 nostram
1340 2008 1578 2060 rationem
1599 2010 1844 2079 intelliges
1869 2046 1884 2073 ‚

508 2081 554 2131 si
586 2080 713 2148 prius
737 2116 752 2142 ,
789 2082 905 2150 quid
936 2082 1006 2132 illi
1036 2082 1197 2132 dicant
1222 2116 1236 2141 ,
1267 2084 1574 2151 cognoveri&
1615 2084 1887 2153 Compluri-

506 2156 601 2206 bus
630 2155 690 2205 de
720 2157 874 2208 causis
896 2167 1069 2224 putant
1097 2169 1327 2222 oportere
1350 2191 1366 2216 ,
1400 2175 1546 2224 quum
1580 2156 1669 2224 ipsi
1701 2178 1890 2225 praece·

505 2228 674 2296 perint
695 2261 712 2289 ,
746 2247 843 2298 quo
873 2230 1015 2297 paao
1046 2243 1275 2296 oporteat
1305 2248 1478 2281 ornare
1512 2233 1844 2283 elocutionem
1865 2269 1883 2294 ,

507 2302 882 2369 uniuscujusque
913 2305 1102 2372 generis
1124 2306 1184 2354 ab
1216 2318 1410 2355 oratore
1435 2338 1450 2364 ,
1485 2317 1569 2354 aut
1601 2307 1748 2371 poeta
1772 2324 1884 2373 pro-

510 2377 628 2425 bato
651 2375 883 2441 sumptum
912 2394 1097 2442 ponere
1119 2379 1410 2443 exemplum.
1441 2378 1505 2427 Et
1528 2378 1729 2444 primssun
1758 2381 1805 2429 se
1836 2381 1890 2431 id·

511 2447 745 2498 modestia
765 2461 1036 2497 commotos
1056 2450 1219 2498 facere
1242 2451 1408 2499 dicunt
1427 2483 1447 2508 ‚
1471 2463 1734 2514 propterea
1756 2452 1892 2517 quod*

514 2519 743 2571 'videatur
764 2519 860 2568 effe
891 2518 1147 2568 ostentatio
1170 2521 1384 2584 quaedam
1407 2553 1423 2576 ,
1455 2537 1555 2568 non
1577 2522 1685 2570 satis
1704 2523 1889 2573 habere

511 2592 785 2660 praecipere
808 2592 871 2642 de
892 2588 1098 2641 artificio
1123 2623 1137 2648 ,
1169 2591 1252 2640 sed
1271 2591 1397 2656 ipsos
1418 2591 1563 2640 etiam
1583 2591 1739 2640 videri
1758 2594 1893 2645 velle

510 2664 776 2718 artificiose
810 2665 1012 2733 gignere
1046 2665 1266 2731 exempla
1299 2681 1313 2714 ε
1347 2665 1443 2714 hoc
1480 2663 1545 2714 est
1567 2698 1582 2723 ,
1625 2664 1845 2732 inquiunt
1869 2700 1894 2728 5

508 2740 753 2794 ostentare
782 2740 831 2789 se
856 2773 870 2798 ,
909 2753 1010 2788 non
1034 2737 1284 2788 ostendere
1313 2751 1490 2789 artem.

587 2829 640 2865 2.
668 2813 836 2878 Quare
859 2813 1018 2879 pudor
1037 2812 1086 2861 in
1113 2813 1275 2878 primis
1304 2811 1370 2862 est
1397 2813 1463 2862 ad
1477 2829 1585 2862 eam
1609 2829 1712 2866 rem
1738 2813 1892 2882 impe·

512 2886 729 2938 dimento
749 2922 763 2946 ‚
797 2904 860 2937 ne
882 2903 972 2936 nos
996 2885 1123 2936 solos
1150 2887 1356 2953 probare
1376 2920 1391 2946 ,
1421 2903 1512 2938 nos
1541 2905 1699 2940 amare
1719 2923 1735 2950 ,
1766 2891 1898 2943 alios

513 2972 832 3012 contemnere
868 2961 921 3010 &
959 2958 1178 3010 deridere
1212 2960 1479 3012 videamur,
1519 2960 1709 3012 Etenim

513 3033 756 3100 possimus
786 3035 845 3082 ab
874 3033 1034 3083 Ennio
1061 3031 1299 3098 sumptum
1318 3067 1332 3091 ‚
1366 3048 1447 3084 aut
1479 3052 1505 3084 a
1539 3036 1750 3088 Gran:

514 3121 638 3156 nere
671 3107 943 3171 exemplum
966 3139 981 3163 ,
1012 3105 1206 3156 videtur
1235 3106 1330 3156 effe
1363 3108 1636 3176 arrogantia
1659 3140 1676 3166 2

518 3179 740 3243 linquere
761 3208 775 3233 ‚
817 3178 869 3227 &
900 3178 961 3226 ad
990 3177 1070 3227 sua
1101 3180 1371 3229 devenire.·
1399 3180 1640 3232 Praeter—u
1687 3197 1703 3220 -·

522 3249 905 3309 testimoniorum
943 3251 1105 3306 locum
1142 3253 1370 3310 obtinent
1407 3268 1427 3308 a
1459 3252 1511 3304 id

1643 3339 1693 3380 ‘ff‘
