2400 4067
331 496 631 565 nummi
660 492 766 561 ΜΒ.
787 491 815 557 I.
871 509 942 581 ¹77

207 634 209 687 q
254 608 345 693 ipsius
367 613 409 672 rei
430 607 515 694 gestae
534 611 680 690 expositio
707 628 843 690 magnam
865 610 944 668 exci-

206 742 210 789 Ι
255 695 301 774 pit
317 690 529 766 offensionem,
544 711 632 772 quam
644 688 895 772 argumentando,
911 691 945 750 ὃ(

255 773 370 834 causam
437 773 515 835 endo
546 771 628 832 leniri
658 770 817 852 oportebit.
849 770 945 851 Quod

255 874 347 936 quum
357 858 417 914 acci
439 858 512 929 erit,
526 852 708 913 membratim
719 852 868 933 oportebit
879 874 946 934 par·

256 950 302 997 tes
327 939 369 996 rei
393 933 479 1019 gestae
502 936 664 1017 dispevgere
687 937 717 993 in
742 933 884 1008 causam,
912 935 945 994 δι

207 1016 220 1075 .⁸·'
256 1015 295 1077 ad
315 1037 548 1100 unamquamque
567 1013 719 1076 confestim
732 1018 875 1076 rationem
891 1037 944 1075 ac-

214 1100 217 1107 '
256 1098 475 1174 commodare,
498 1116 530 1158 ut
552 1098 666 1159 vulneri
689 1094 791 1179 praesto
814 1097 945 1159 medica·

215 1174 221 1233 1-
256 1197 390 1240 mentum
413 1182 480 1256 sit,
509 1181 541 1240 δι
568 1179 670 1238 odium
692 1176 786 1239 statim
810 1178 943 1242 defensio

220 1286 223 1291 ·
255 1261 379 1343 mitiget.
390 1258 596 1342 Nihilprodest
606 1263 730 1321 narratio
740 1281 942 1343 runc,quum‚

254 1340 295 1401 ab
318 1341 484 1403 adversariis
507 1363 539 1404 re
564 1343 728 1422 expositi,
755 1340 851 1402 nostra
871 1345 943 1404 nihil

255 1419 373 1484 interest
391 1426 519 1498 itemm,
536 1439 584 1483 aut
608 1423 666 1483 alio
687 1422 780 1483 modo
802 1443 942 1498 narrare3

255 1520 307 1562 aut
328 1524 416 1586 quum
435 1505 472 1565 ab
489 1507 546 1579 iis,
563 1506 614 1586 qui
633 1503 773 1577 audiunt,
792 1504 832 1563 ita
853 1523 941 1566 tene-

255 1597 304 1644 tur
319 1587 491 1667 negotium,
508 1604 541 1646 ut
558 1582 655 1645 nostra
670 1586 740 1644 nihil
760 1587 872 1645 intersit
889 1607 941 1647 eos

256 1663 316 1725 alio
332 1666 417 1747 padio
437 1666 543 1728 docere
557 1688 564 1726 :
578 1666 659 1748 quod
676 1688 766 1747 quum
784 1666 941 1745 acciderit,

255 1750 377 1807 omnino
387 1750 549 1810 narratione
558 1746 800 1831 supersedendum
809 1744 860 1809 est.
870 1748 943 1809 Non

254 1826 325 1889 loco
343 1829 466 1904 dicitur,
480 1852 571 1912 quum
588 1851 649 1890 non
668 1833 699 1890 in
719 1850 754 1891 ea
791 1849 852 1892 arte
874 1853 941 1892 ora-

215 1918 223 1927 ''
255 1908 344 1970 tionis
360 1912 537 1987 collocatur,
550 1914 579 1970 in
591 1933 649 1995 qua
660 1931 705 1972 res
719 1934 760 1994 po
805 1913 862 1972 lat:
878 1936 939 1995 quo

255 1988 294 2051 de
315 2010 421 2073 genere
441 2013 557 2075 agemus
578 2013 664 2066 tum,
682 2014 771 2074 quum
790 1995 827 2054 de
844 1994 942 2077 dispo-

228 2148 231 2153 ·
253 2073 358 2132 sitione
378 2073 507 2134 dicemus
527 2096 536 2148 3
556 2075 700 2135 namhoc
720 2075 757 2135 ad
775 2073 941 2156 dispositio-

253 2171 325 2212 nem
367 2155 482 2213 ertinet.
501 2153 573 2214 Non
589 2154 839 2236 quemadmodum
859 2159 943 2219 causa

210 2230 215 2237 ’
253 2173 409 2312 postuiit,
430 2249 580 2306 narratur,
602 2256 692 2314 quum
715 2253 764 2293 aut
784 2236 837 2308 id,
857 2238 949 2317 quod-

255 2308 419 2369 adversario
436 2309 576 2390 prodest,
591 2311 717 2370 dilucide
731 2313 764 2371 &
777 2317 877 2373 ornate
890 2336 942 2376 ex-

255 2389 374 2471 ponitur
391 2435 400 2463 ,
423 2407 472 2449 aut
488 2390 519 2451 id
539 2391 620 2474 quod
636 2389 668 2451 se
685 2389 776 2473 ipsum
796 2391 940 2473 adjuvat,

257 2468 377 2530 obscure
388 2473 511 2548 dicitur,
527 2474 559 2534 &
575 2474 767 2556 negligenter.
776 2473 878 2555 Quare
889 2523 898 2551 ‚
909 2498 941 2538 ut

253 2552 314 2614 hoc
330 2554 433 2614 vitium
447 2557 569 2630 vitetur,
583 2559 682 2617 omnia
696 2558 859 2639 torquenda
875 2559 940 2622 sunt

253 2634 292 2694 ad
318 2636 509 2696 commodum
535 2637 591 2698 suae
618 2636 707 2698 causae
729 2659 739 2712 3
764 2645 939 2720 contraria,

254 2735 319 2797 quae
344 2719 480 2798 praeteriri
506 2737 670 2798 poterunt,
702 2724 904 2801 praetereundo
928 2747 937 2799 ;

295 2816 319 2854 ae
337 2798 412 2857 illius
430 2819 534 2873 erunt,
552 2801 657 2862 leviter
675 2803 843 2884 attingendo
862 2826 870 2875 ;
890 2804 938 2865 fua

276 2876 407 2955 iligenter
419 2880 450 2937 ὃ(
461 2882 586 2940 enodate
597 2883 751 2942 narrando.
765 2883 808 2940 Ac
822 2885 863 2942 de
873 2906 939 2943 nar-

236 2968 240 2974 '
254 2958 366 3015 ratione
378 2957 494 3037 quidem
507 2959 570 3020 satis
584 2962 690 3021 dietum
703 2964 816 3021 videtur
831 2986 837 3023 :
854 2965 939 3024 dein--

255 3056 325 3119 ceps
344 3036 379 3098 ad
397 3040 580 3121 partitionem
600 3043 783 3181 transeampp.

794 3146 811 3182 v
