2400 4067
337 468 425 569 242'
464 478 539 548 Da
566 478 900 547 luraurtoua

334 595 474 675 pleraque
494 594 524 653 in
544 610 640 654 cetera
661 601 779 673 quoque
799 591 948 654 causatum
971 604 1025 678 ge·

326 690 411 736 juera-
425 675 510 735 simili
528 674 675 756 implicata
692 673 918 750 controversia,
945 677 1025 738 nulla

290 774 292 779 ·
324 775 401 815 =cum
419 754 584 817 difficultate
599 752 805 815 transferentur
819 776 826 814 :
841 753 908 837 pltst
923 775 1029 820 autem

331 836 486 919 separatim
499 838 535 898 de
548 837 663 917 reliquis
678 835 816 895 dicemus.

380 936 425 992 ¹4
452 916 538 977 Nunc
562 939 579 978 a
603 914 789 996 conjee‘turali
814 912 1023 982 constitutione

331 996 565 1079 proficiscemur,
579 996 661 1078 cujus
673 998 839 1079 exemplum
850 1002 886 1058 sit
898 1000 958 1061 hoc
971 1022 1023 1063 eu·

331 1082 460 1159 positum
475 1102 482 1139 :
497 1079 532 1139 In
543 1082 645 1140 itinere
658 1078 774 1160 quidam
788 1078 1021 1159 proficiscentem

311 1235 313 1240 Ι
329 1160 369 1219 ad
379 1178 537 1220 mercatum
545 1161 723 1243 quemdam,
735 1161 767 1220 &
778 1181 879 1220 secum
889 1161 1025 1245 aliquam

325 1243 394 1301 tium
405 1261 592 1302 nummorum
603 1241 746 1302 ferentem
758 1286 769 1316 ,
781 1240 823 1301 est
835 1242 1018 1307 confecutus.

330 1320 411 1382 Cum
427 1323 508 1398 hoc,
529 1340 561 1383 ut
579 1322 641 1383 fere
659 1320 714 1397 fit,
733 1324 764 1381 in
784 1324 833 1383 via
848 1322 1017 1385 sermonem

328 1404 475 1478 contulit,
494 1425 530 1465 ex
543 1426 602 1486 quo
619 1403 727 1465 fadum
743 1401 806 1478 est,
825 1422 858 1464 ut
872 1405 946 1465 illud
962 1408 1018 1467 iter

328 1482 496 1545 familianlts
510 1486 605 1547 facere
619 1485 740 1547 vellent.
759 1484 861 1564 Quare
877 1507 972 1567 quum
988 1490 1018 1564 itt

327 1567 465 1628 eamdem
481 1568 633 1642 tabernam
651 1563 843 1639 divertillent,
858 1568 943 1628 simul
960 1589 1017 1628 coe·

328 1666 422 1722 nare,
446 1648 479 1707 &
498 1652 527 1708 in
541 1648 649 1710 eodem
670 1647 739 1705 loco
758 1644 891 1706 somnum
909 1669 1016 1729 capere

325 1730 494 1789 voluerunt.
528 1727 645 1788 Coenati
670 1725 868 1787 discubuerunt
892 1729 1015 1791 ibidem.

322 1808 435 1891 -Caupo
448 1826 545 1869 autem
562 1807 652 1888 (nam
662 1810 703 1865 ita
716 1806 818 1865 dicitur
852 1806 894 1864 *st
907 1811 1016 1871 inven-

327 1909 414 1963 tum,
432 1910 522 1970 quum
536 1890 565 1946 in
580 1888 638 1947 alio
653 1884 799 1947 maleficio
817 1829 1016 1966 dilarehensus

325 1968 421 2050 effet)
441 1990 530 2051 quum
548 1968 630 2028 illum
642 1966 786 2038 alterum,
805 1966 944 2028 videlicet
966 1975 1016 2053 qui

326 2071 462 2110 nummos
475 2051 614 2124 haberet,
628 2045 891 2122 animadvertillet3
905 2051 1014 2128 notin,

323 2130 479 2213 postquam
491 2130 557 2189 illos
571 2129 673 2190 ardilis
688 2126 770 2210 jam,
787 2146 819 2188 ut
831 2127 884 2204 fit,
904 2149 941 2189 ex
957 2132 1013 2194 las·

322 2214 449 2274 titudine
468 2210 594 2273 dormire
612 2212 716 2286 sensit,
734 2213 874 2284 accessit,
892 2210 925 2271 &
941 2214 1012 2275 alte·

325 2297 382 2354 rius
402 2315 527 2368 eorum,
549 2296 599 2375 qui
617 2295 679 2353 sine
699 2294 823 2353 nummis
837 2308 920 2363 erat,
943 2295 1009 2376 gla-

324 2376 405 2436 dium
419 2395 540 2459 ptopter
552 2378 718 2457 appositum
733 2394 751 2435 e
769 2374 874 2455 vagina
888 2374 1009 2451 eduxit,

322 2459 359 2529 ,δι
376 2459 458 2517 illum
472 2459 594 2517 alterum
612 2455 737 2527 occidit,
758 2475 893 2515 nummos
911 2454 1009 2517 abstu-

320 2538 378 2607 lit,
399 2539 527 2619 gladium
544 2553 695 2610 cruentum
709 2537 739 2591 in
750 2538 886 2617 vaginam
901 2556 1009 2599 recon-

322 2617 415 2690 didit,
432 2617 491 2697 ipse
505 2617 563 2677 sese
576 2619 606 2674 in
618 2615 723 2676 ledum
735 2613 816 2674 suum
832 2619 952 2697 recepit.

368 2715 414 2778 ις.
426 2697 478 2758 Ille
491 2716 607 2771 autem,
622 2693 704 2776 eujus
717 2696 813 2777 gladio
825 2701 931 2758 occisio
944 2718 1007 2762 erat

318 2775 419 2853 sada,
439 2780 534 2838 multb
553 2795 618 2839 ante
636 2778 731 2837 lucem
748 2776 887 2853 surrexit,
908 2784 1006 2840 comi-

320 2878 383 2919 tem
394 2860 474 2919 illum
485 2859 565 2920 suum
576 2859 742 2919 inclamavit
752 2858 840 2919 semel
853 2860 885 2919 &
894 2858 1011 2941 saepius:

314 2939 402 3000 'illum
424 2939 527 3003 somno
551 2942 724 3023 impeditum
747 2959 807 3001 non
828 2938 1005 3022 respondete

318 3018 512 3085 existimavitt
527 3023 585 3107 ipse
600 3023 727 3108 gladium
747 3022 779 3087 δι
795 3038 913 3100 cetera,
935 3046 1004 3109 qua

240 3139 417 3362 ›q-
474 3376 477 3381 Ι
