2400 4067
1115 413 1216 486 72
1342 394 2136 462 Rzzssrontcozzz

1108 511 1196 562 bit.
1223 510 1306 562 Sin
1327 524 1518 560 utemur
1539 509 1909 576 amplificatione
1931 525 2021 576 per
2052 511 2136 559 coi

1107 582 1255 651 paulo
1295 585 1507 634 tardiore
1550 584 1601 634 &
1642 583 2021 633 consideratiore
2053 585 2136 650 ges

1110 660 1184 708 uti
1206 694 1220 716 ‚
1250 658 1479 708 similibus
1504 658 1679 707 ceteris
1705 657 1848 707 rebus
1871 689 1887 714 ,
1917 669 2061 723 atque
2085 657 2136 706 in

1105 749 1197 798 per
1229 730 1660 782 continuationem.
1685 730 1769 780 Sin
1786 741 1979 779 utemur
2001 731 2132 795 ampl

1107 803 1499 872 conquestionem
1517 837 1532 859 ,
1553 803 1766 855 femineo
1792 804 2024 870 plangore
2046 836 2061 862 ,
2086 802 2136 852 δι

1108 893 1466 942 nonnumquam
1497 877 1663 927 sedato
1693 877 1746 928 &
1769 875 2002 925 constanti
2037 875 2136 943 gefl

1109 952 1405 1003 conturbato
1436 951 1575 1001 vultu
1607 951 1678 1001 uti
1707 950 1977 1016 oportebit.
2001 950 2124 998 Non

1102 1036 1341 1092 quantum
1378 1023 1664 1088 susceperim
1697 1023 1914 1090 negotii,
1949 1021 2029 1088 qui
2064 1039 2136 1072 m<

1102 1097 1380 1165 exprimere
1413 1097 1574 1146 verbis
1598 1130 1613 1155 ,
1644 1096 1818 1146 imitari
1866 1094 2107 1160 scriptura

1099 1188 1280 1222 voces.
1325 1167 1514 1221 Verum
1545 1186 1636 1219 nec
1665 1170 1760 1219 hoc
1800 1167 2004 1218 confisus
2043 1168 2136 1218 sun

1075 1277 1085 1292 κ
1106 1257 1163 1296 ut
1191 1245 1253 1294 de
1275 1243 1348 1294 his
1366 1245 1508 1294 rebus
1541 1242 1650 1293 satis
1673 1240 1926 1292 commode
1960 1241 2101 1290 scribi
2125 1261 2136 1308 1

1108 1319 1149 1368 si
1172 1318 1221 1368 id
1241 1316 1348 1368 fieri
1375 1333 1473 1368 non
1505 1314 1660 1383 posset
1682 1349 1698 1375 ,
1724 1317 1821 1365 hoc
1847 1347 1862 1373 ,
1894 1314 2025 1381 quod
2055 1314 2136 1364 fec

1106 1393 1197 1442 tile
1232 1392 1456 1458 putabam
1479 1423 1496 1448 ‚
1536 1402 1800 1456 propterea
1834 1386 1964 1454 quod
1984 1387 2062 1438 hic
2102 1405 2130 1437 a

1103 1465 1288 1516 ‚luimus
1311 1498 1326 1522 ,
1362 1463 1494 1530 quod
1524 1474 1816 1529 oporteret:
1838 1461 2026 1526 reliqua
2057 1473 2136 1510 tra

1112 1538 1351 1588 citationi.
1418 1537 1532 1587 Hoc
1583 1535 1704 1587 scire
1751 1522 1920 1584 tam‘en
1969 1546 2136 1600 oport:

1112 1612 1366 1663 tiationem
1397 1611 1573 1660 bonam
1607 1608 1656 1657 id
1685 1604 1921 1674 perficere
1945 1639 1961 1664 ,
2001 1619 2055 1657 ut
2096 1624 2136 1657 r«

1112 1685 1190 1751 agi
1241 1684 1483 1734 videatur.
1532 1683 1676 1731 Nunc
1720 1680 1780 1729 ad
1810 1679 2087 1730 thesaurum

1111 1770 1261 1823 atque
1299 1756 1509 1805 omnium
1540 1754 1748 1820 partium
1769 1751 2026 1805 rhetoricae
2065 1769 2134 1804 cu

1112 1829 1314 1880 moriam
1353 1827 1665 1880 transtamus.

1186 1901 1337 1955 XVI.
1375 1901 1620 1952 Memoria
1651 1899 1810 1951 utrum
1836 1899 2014 1950 habeat
2051 1901 2136 1966 qui

1112 1975 1235 2028 ciosi
1259 2008 1274 2035 ,
1309 1992 1370 2025 an
1402 1974 1554 2026 omnis
1592 1992 1619 2024 a
1655 1988 1825 2025 natura
1856 1972 2134 2040 proficiscat

1112 2050 1256 2100 cendi
1293 2060 1484 2116 tempus
1518 2047 1666 2116 magis
1697 2048 1925 2099 idoneum
1957 2046 2136 2099 dabitm

1108 2122 1249 2173 rinde
1271 2134 1420 2190 atque
1460 2121 1648 2173 constet
1681 2121 1731 2171 in
1764 2121 1854 2170 hac
1888 2135 1941 2170 re
1969 2119 2136 2171 multu:

1108 2209 1212 2247 tem
1256 2198 1309 2248 &
1338 2197 1716 2263 praeceptionem
1738 2226 1756 2253 ,
1790 2194 1856 2243 ita
1890 2209 1946 2242 ea
1988 2193 2049 2242 de
2084 2212 2136 2245 τε

1108 2272 1274 2337 p!acet
1303 2270 1431 2320 enim
1463 2269 1602 2320 nobis
1622 2267 1724 2319 -effe
1743 2264 1994 2318 artificium
2015 2283 2136 2317 metr

1108 2346 1300 2411 placeat
1317 2379 1333 2403 ‚
1366 2342 1482 2394 aliis
1500 2343 1801 2394 ostendemus
1826 2358 1838 2390 z
1865 2341 1913 2389 in
1937 2339 2136 2406 praesem

1106 2435 1165 2467 ea
1186 2419 1249 2466 sit
1272 2451 1286 2476 ,
1319 2417 1606 2482 aperiemus.
1632 2416 1753 2464 Sunt
1776 2413 1918 2480 igitur
1947 2413 2052 2463 duae
2073 2431 2136 2463 mae

1104 2489 1334 2539 naturalis
1355 2521 1370 2544 .
1406 2490 1558 2538 altera
1581 2485 1854 2537 artificiosa.
1885 2488 2136 2538 Naturalis

1102 2561 1271 2612 nostris
1304 2560 1470 2610 animis
1501 2560 1639 2610 insita
1661 2559 1727 2611 est
1746 2593 1762 2619 ,
1798 2560 1848 2610 &
1869 2560 2008 2611 simul
2039 2577 2136 2611 cun

1080 2648 1231 2685 nata.
1275 2631 1547 2683 Artificiosa
1578 2632 1645 2684 est
1677 2650 1774 2695 ea,
1802 2650 1942 2699 quam
1972 2632 2136 2684 confir:

1085 2707 1315 2774 ,quaedam
1334 2740 1349 2764 ,
1388 2707 1439 2757 &
1457 2706 1583 2755 ratio
1606 2707 1963 2773 praeceptionis.
1995 2707 2095 2757 Sed
2128 2731 2136 2756 ι

1097 2783 1165 2832 ris
1188 2781 1335 2830 rebus
1364 2779 1546 2845 ingenii
1564 2780 1758 2829 bonitas
1782 2780 1998 2830 imitatur
2023 2780 2136 2846 saepi

1092 2873 1171 2906 ars
1203 2851 1351 2919 porro
1389 2865 1570 2902 naturae
1608 2854 1860 2902 commoda
1901 2850 2132 2903 confirma

1092 2930 1159 2980 ita
1188 2927 1251 2979 fit
1270 2927 1324 2976 ‚in
1347 2927 1436 2977 bac
1457 2941 1511 2976 re
1535 2959 1552 2986 ‚
1575 2937 1630 2976 ut
1655 2943 2011 2994 nonnumquam
2030 2940 2136 2980 nati
