2400 4067
660 797 783 852 AD
832 780 1371 852 HERENNIUM
1415 781 1493 851 L.
1543 783 1688 854 IV.
1787 776 1891 878 87

510 908 659 950 tores
687 916 787 950 non
804 899 986 968 putass‘e
1016 916 1165 952 unum
1184 899 1395 969 potuiffe
1418 900 1469 951 in
1488 902 1706 953 omnibus
1723 902 1894 954 elocuae

513 973 671 1024 tionis
699 975 913 1040 partibus
932 975 1120 1026 enitere
1144 1009 1159 1034 ‚
1196 976 1424 1042 quoniam
1443 992 1605 1043 neque
1627 975 1705 1025 sua
1724 987 1893 1042 protu-

515 1044 685 1096 lerunt
704 1081 721 1107 ,
764 1063 923 1114 neque
959 1050 1100 1100 unius
1135 1049 1344 1117 alicujus
1368 1082 1386 1108 ,
1414 1060 1500 1100 aut
1528 1049 1735 1115 denique
1774 1049 1895 1099 duo·

512 1135 624 1169 tum
643 1153 659 1178 ‚
694 1120 775 1171 sed
795 1123 854 1172 ab
878 1123 1104 1174 omnibus
1131 1124 1408 1174 oratoribus
1431 1156 1448 1182 ,
1476 1123 1529 1174 &
1549 1121 1709 1188 poetis
1731 1138 1898 1171 exem»

511 1193 597 1258 pla
641 1194 956 1261 sumpserunt.
992 1197 1187 1248 Deinde
1214 1231 1229 1257 ,
1262 1199 1304 1248 si
1331 1196 1437 1264 quis
1469 1196 1593 1247 velit
1625 1206 1779 1246 artem
1809 1195 1896 1245 ἀει

509 1267 778 1320 monstrare
796 1301 813 1327 ‚
841 1270 963 1320 nihil
983 1271 1203 1336 prodeffe
1223 1272 1285 1322 ad
1305 1269 1579 1322 discendum
1599 1303 1618 1329 ,
1643 1285 1746 1319 non
1772 1268 1898 1321 male

508 1352 679 1391 utatur
696 1343 795 1392 hoc
817 1343 1103 1411 adjumento
1125 1379 1143 1405 ,
1167 1345 1299 1413 quod
1319 1361 1443 1396 unus
1459 1361 1629 1396 omnes
1648 1343 1765 1394 artis
1783 1359 1901 1410 par·

508 1426 589 1465 tes
625 1416 855 1484 consequi
900 1432 1047 1470 nemo
1090 1420 1329 1487 potuerit.
1367 1418 1522 1484 Quod
1561 1417 1710 1486 igitur
1755 1416 1899 1483 juvat

509 1503 684 1539 eorum
717 1491 955 1542 rationem
978 1525 996 1551 ,
1040 1494 1123 1560 qui
1158 1495 1357 1545 omnino
1384 1493 1665 1560 improbent
1697 1503 1852 1542 artem
1874 1522 1894 1551 ,

510 1560 565 1611 id
597 1579 696 1612 non
728 1564 982 1615 ridiculum
1008 1565 1076 1615 est
1098 1598 1114 1626 ‚
1148 1566 1300 1633 ipsum
1339 1567 1627 1634 scriptorem
1659 1566 1775 1616 artis
1805 1564 1898 1616 suo

512 1633 701 1702 judicio
731 1640 1050 1703 comprobare
1073 1639 1100 1687 ,⁹
1133 1640 1266 1706 Ergo
1297 1642 1356 1690 ab
1377 1656 1478 1689 uno
1502 1639 1728 1689 sumenda
1758 1637 1899 1691 fuifl'e

518 1708 774 1759 docuimus
809 1712 1032 1776 exempla
1052 1741 1069 1767 ‚
1093 1709 1135 1760 si
1157 1712 1344 1776 semper
1362 1711 1555 1761 aliunde
1576 1711 1898 1762 sumerentur.

592 1783 643 1833 V
659 1783 700 1832 Ι.
743 1782 890 1833 Nunc
918 1783 1117 1833 omnino
1143 1784 1338 1834 aliunde
1365 1783 1436 1834 sic
1459 1783 1782 1852 intelligemus
1816 1780 1900 1835 su·

514 1855 691 1905 menda
721 1872 822 1906 non
842 1855 997 1908 fuiffe.
1027 1855 1235 1907 Primum
1270 1857 1483 1907 omnium
1502 1889 1519 1916 ‚
1541 1858 1674 1922 quod
1697 1858 1759 1907 ab
1780 1858 1900 1910 artis

511 1928 751 1996 scriptore
789 1928 990 1981 affertur
1015 1932 1292 1999 exemplum
1317 1964 1332 1990 ,
1361 1931 1421 1981 de
1447 1929 1554 1999 ejus
1576 1929 1781 1981 artificio
1805 1931 1902 1982 de·

507 2002 600 2053 bet
629 2002 721 2053 effe
742 2036 758 2062 ‚
781 2021 883 2053 non
906 2015 962 2055 ut
987 2003 1028 2055 si
1053 2005 1158 2071 quis
1179 2020 1440 2072 purpuram
1465 2035 1480 2063 ⁵
1499 2017 1585 2054 aut
1606 2003 1739 2055 aliud
1763 2004 1900 2072 quip-

507 2076 636 2144 piam
654 2077 873 2130 vendens
888 2110 903 2137 ‚
931 2078 1058 2128 dicat
1078 2112 1093 2137 ,
1113 2077 1262 2129 Sume
1280 2096 1307 2128 a
1328 2094 1404 2128 me
1424 2111 1439 2138 ,
1465 2077 1547 2128 sed
1570 2077 1713 2146 hujus
1732 2095 1899 2130 exem·

504 2152 641 2216 plum
663 2151 855 2202 aliunde
883 2154 1069 2220 rogabo
1087 2185 1103 2212 ,
1131 2153 1316 2219 tibique
1341 2152 1604 2204 ostendam.
1628 2153 1680 2203 Si
1702 2169 1900 2205 merces

504 2223 601 2290 ipsi
636 2225 715 2291 qui
748 2225 1002 2276 venditant
1027 2260 1043 2285 ,
1081 2227 1275 2276 aliunde
1317 2227 1594 2293 exemplum
1635 2228 1894 2293 quaeritent

503 2298 636 2348 aliud
668 2299 842 2350 mercis
867 2316 885 2358 ;
913 2312 968 2349 ut
1004 2300 1044 2350 si
1076 2316 1285 2350 acervos
1312 2300 1358 2349 se
1383 2299 1547 2350 dicant
1566 2300 1717 2351 tritici
1740 2302 1893 2351 habe·

504 2386 563 2420 re
581 2404 595 2430 ,
622 2373 673 2422 &
689 2388 861 2422 eorum
889 2375 1165 2439 exemplum
1187 2390 1352 2440 pugno
1370 2390 1469 2423 non
1489 2374 1698 2423 habeant
1717 2407 1732 2430 ,
1760 2375 1892 2440 quod

506 2445 790 2495 ostendant:
808 2447 853 2495 si
871 2446 1207 2513 Triptolemus
1228 2479 1242 2504 ,
1264 2462 1410 2512 quum
1435 2446 1710 2496 hominibus
1730 2447 1895 2496 semen

506 2518 768 2584 largiretur
792 2550 809 2572 ,
840 2518 938 2582 ipse
960 2520 1019 2567 ab
1039 2519 1142 2569 aliis
1166 2519 1217 2567 id
1242 2520 1513 2568 hominibus
1547 2533 1847 2571 mutuaretur
1873 2535 1891 2571 2

508 2601 595 2638 aut
629 2589 671 2638 si
691 2588 1011 2638 Prometheus
1034 2620 1050 2646 ‚
1086 2606 1234 2654 quum
1267 2590 1548 2638 mortalibus
1577 2592 1738 2656 ignem
1771 2592 1899 2642 divi·

510 2663 632 2713 dere
668 2663 822 2711 vellet
843 2694 858 2721 ‚
892 2661 991 2726 ipse
1028 2677 1057 2710 a
1092 2660 1265 2710 vicinis
1307 2676 1416 2708 cum
1452 2660 1575 2708 testa
1607 2663 1851 2712 ambulans
1876 2695 1900 2720 .

508 2736 834 2786 carbunculos
863 2745 1151 2802 corrogaret
1174 2765 1189 2792 ,
1226 2749 1325 2783 non
1354 2732 1583 2783 ridiculus
1604 2733 1896 2785 videretur?

506 2809 589 2862 isti
627 2808 865 2877 magistri,
904 2809 1115 2859 omnium
1152 2806 1344 2858 dicendi
1380 2819 1710 2874 praceptores
1733 2843 1750 2865 ,
1794 2824 1898 2859 non

504 2884 738 2934 videntur
758 2883 848 2934 sibi
871 2882 1076 2933 ridicule
1108 2881 1274 2932 facere
1299 2914 1313 2940 ,
1337 2898 1481 2948 quum
1512 2882 1561 2931 id
1583 2916 1599 2942 ‚
1632 2884 1763 2948 quod
1788 2884 1896 2934 aliis

506 2957 802 3023 pollicentur
823 2991 838 3014 ,
873 2958 931 3007 ab
969 2957 1072 3007 aliis
1115 2969 1356 3023 quaerunt.
1398 2957 1486 3016 Si,
1530 2957 1688 3022 quise
1722 2959 1891 3009 fontes

510 3030 742 3080 maximos
766 3059 782 3089 ,
802 3032 995 3096 penitus
1019 3031 1325 3081 absconditos
1346 3064 1362 3089 ‚
1386 3029 1616 3096 aperuiss‘e
1642 3031 1772 3082 dicat
1794 3064 1810 3089 ‚
1836 3033 1893 3082 δε

508 3102 607 3152 hoc
632 3136 646 3161 ,
672 3104 837 3154 sitiens
866 3110 1004 3171 quam
1034 3104 1239 3156 maxime
1261 3139 1276 3164 ‚
1313 3107 1539 3171 loquatur
1562 3138 1578 3163 ,y
1607 3104 1767 3176 neque
1864 3130 1895 3146 -

510 3176 628 3225 beat
665 3173 749 3241 qui
797 3178 924 3228 sitim
957 3179 1095 3229 sedet
1119 3213 1134 3236 ,
1177 3196 1277 3228 non
1321 3176 1583 3229 rideatur?
1623 3178 1643 3226 l

512 3265 615 3297 non
640 3247 786 3297 modo
811 3250 1031 3301 dominos
1056 3254 1101 3302 se
1122 3253 1329 3302 fontium
1353 3286 1368 3310 ,
1397 3251 1478 3301 sed
1507 3248 1558 3300 se
1579 3250 1655 3314 ips
1685 3248 1698 3255 ’

511 3319 608 3375 effe
647 3321 808 3375 dicant
830 3355 847 3384 ,
882 3324 933 3378 δι
961 3327 1172 3380 omnium
1208 3326 1368 3394 rigare
1409 3324 1623 3378 debeant
