2400 4067
342 506 418 576 240
481 485 548 551 Dr
574 484 907 551 lnrrurronr

341 621 412 659 num
431 596 614 672 infirmitati,
639 597 762 657 alterum
781 598 917 681 singulari
936 601 1037 662 unius·

337 678 478 761 cujusque
493 682 567 739 vitio
586 676 627 738 est
643 680 822 738 attributum.

388 780 433 820 ιο.
449 760 551 839 Quare
565 781 620 819 nos
632 760 750 841 quidem
762 763 822 821 sine
835 760 895 820 ulia
905 759 1034 824 affirma·

342 845 445 916 tione,
459 842 543 901 simul
556 858 738 921 quarentes,
751 840 918 903 dubitanter
931 864 1032 904 unum·

342 924 481 1006 quodque
508 923 662 996 dicemus,
693 943 753 996 ne,
778 922 847 982 dum
874 926 1029 1004 parvulum

339 1006 399 1075 hoc
416 1002 502 1064 conse
524 1007 640 1076 uimur,
659 1018 691 1062 ut
707 1002 771 1062 satis
789 1004 950 1063 commode
969 1004 1028 1067 lraer

340 1026 532 1168 perscripsisti
550 1085 702 1146 videamur
712 1106 725 1157 ¹3
744 1083 815 1143 illud
836 1087 1029 1162 amittamus,

337 1168 424 1248 quod
441 1169 598 1226 maximum
617 1163 678 1238 est,
696 1182 728 1224 ut
741 1185 778 1225 ne
796 1168 842 1225 cui
857 1167 902 1227 rei
915 1168 1027 1229 temere

337 1265 429 1329 atque
443 1263 611 1329 arroganter
623 1244 827 1306 affenserimus.
842 1246 957 1311 Verium
970 1248 1026 1310 hoc

338 1329 462 1410 quidem
486 1350 563 1402 nos,
584 1329 616 1388 &
634 1330 664 1388 in
683 1327 742 1386 hoc
762 1343 923 1407 tempore,
946 1330 980 1390 ὅ(
998 1332 1026 1392 in

341 1413 424 1470 omni
439 1412 500 1471 uita
514 1407 661 1483 studiose,
675 1408 778 1490 quoad
792 1407 914 1484 facultas
933 1408 1025 1485 feret,

338 1490 578 1573 consequemur:
602 1510 679 1551 nunc
703 1506 827 1563 autem,
851 1510 891 1550 ne
912 1490 1026 1575 'longiis

337 1576 438 1633 oratio
462 1569 608 1654 progressa
629 1569 792 1643 videatur,
820 1569 858 1630 de
880 1570 1025 1653 reliquis,

339 1674 407 1735 quae
424 1653 617 1735 praecipienda
631 1650 767 1713 videntur
784 1648 867 1725 esse,
886 1652 1025 1713 dicemus.

389 1753 434 1795 11.
449 1733 537 1816 Igitur
554 1736 662 1814 primus
678 1732 751 1793 liber
763 1735 900 1812 exposito
918 1753 1024 1816 genere

341 1812 426 1895 hujus
441 1818 529 1886 artis,
547 1817 579 1873 ὃ(
595 1812 719 1885 officio,
740 1814 771 1871 &
786 1812 863 1884 fine,
887 1813 922 1875 &
938 1834 1027 1875 mate·
1043 1823 1047 1833 ‘

338 1896 403 1970 rid,
421 1895 453 1955 ὃ(
463 1895 613 1976 partibus,
649 1913 736 1953 enera
749 1898 1024 1972 controversiarum,

343 1974 377 2037 &
389 1979 599 2049 inventiones,
620 1916 653 2035 ἒ
669 1972 913 2051 constitutiones,
931 1978 966 2037 &
980 1975 1026 2058 ju-

338 2058 503 2118 dicationes
518 2057 698 2117 continebat.
714 2054 833 2116 Deinde
846 2073 948 2137 partes
963 2080 1025 2118 ora·

339 2140 451 2212 tionis,
471 2139 503 2198 &
519 2140 548 2196 in
566 2158 614 2198 eas
632 2158 736 2198 omnes
755 2139 853 2198 omnia
869 2156 1023 2220 praecepta.

338 2217 445 2298 Quare
464 2239 553 2299 quum
570 2222 600 2277 iu
620 2239 657 2278 eo
677 2219 779 2278 ceteris
799 2218 836 2278 de
857 2220 946 2279 rebus
967 2221 1023 2280 dis-

337 2298 453 2359 tindiirs
466 2298 573 2359 didum
583 2303 638 2373 sit,
655 2298 779 2380 disperse
789 2315 888 2358 autem
902 2300 941 2362 de
955 2324 1025 2363 con·

341 2379 504 2441 firmatione
519 2426 535 2454 ‚
554 2381 587 2440 &
612 2380 648 2440 de
671 2380 927 2462 reprehensione3
949 2404 1024 2443 nunc

335 2478 437 2522 certos
463 2460 654 2520 confirmandi
680 2463 713 2521 &
736 2461 973 2542 reprehendendi
995 2466 1024 2523 in

336 2542 451 2622 singula
469 2543 615 2602 causarum
635 2563 742 2623 genera
758 2543 845 2602 ,locos
864 2543 1024 2605 tradendos

335 2622 518 2682 arbitramur„
540 2621 578 2682 Et
603 2626 693 2704 quia,
719 2644 778 2703 quo
800 2623 886 2705 pasto
909 2625 1025 2687 tradari

334 2706 512 2764 conveniret
529 2704 814 2785 argumentationes,
828 2707 860 2774 in
875 2705 951 2768 libro
969 2709 1024 2789 pri·

337 2805 389 2844 mo
410 2807 471 2844 non
488 2785 675 2865 indiligenter
698 2788 862 2864 expositum
883 2785 926 2847 est
943 2833 953 2862 ‚
976 2788 1022 2847 hic

331 2868 449 2940 nantum
462 2864 520 2945 ipsa
532 2868 650 2923 inventa
664 2885 898 2948 unamquamque
913 2872 944 2928 in
958 2890 1021 2931 rem

333 2963 521 3028 exponentur
543 2946 711 3025 simpliciter
731 2950 791 3007 sine
811 2948 869 3008 ulla
893 2970 1022 3011 exorna-

332 3029 440 3105 tione,
458 3044 489 3087 ut
507 3046 545 3088 ex
563 3026 621 3088 hoc
639 3029 760 3090 inventa
777 3027 859 3111 ipsa,
879 3050 918 3091 ex
936 3030 1023 3113 supe·

178 3131 273 3326 q
943 3116 1023 3174 riore
