2400 4067
265 390 340 480 196
389 387 463 458 Da
492 389 822 457 Jrvrarrrrorra

258 508 296 565 sit
319 551 329 580 ,
355 522 387 565 ut
414 507 450 564 sit
480 501 592 563 neceffe
622 502 742 562 concedi
768 522 775 560 :
804 522 875 562 nam
911 524 966 576 ex¹

258 606 319 725 ppo
339 583 543 667 postulabimus
565 582 650 641 nobis
669 581 764 654 illud,
788 582 871 661 quod
893 583 946 643 du-

289 688 339 726 um
352 669 409 740 sit,
426 664 548 726 concedi
563 684 572 736 3
590 662 708 722 dubium
725 659 781 722 etse
798 661 945 743 idipsum,

257 767 320 805 non
340 746 495 826 oportebit.
512 743 631 804 Deinde
651 742 745 816 illud,
764 740 847 820 cujus
867 766 945 804 con-

256 825 390 886 firmandi
411 827 496 884 causi
518 823 568 884 fiet
593 823 719 882 induilio
744 868 755 897 ,
779 823 945 886 videndum

257 905 325 979 est,
348 922 380 965 ut
402 907 493 966 simile
518 908 551 964 iis
575 905 660 963 rebus
684 906 748 976 sit,
775 923 847 983 quas
874 926 945 980 res,

256 990 337 1068 quasi
350 1008 411 1046 non
425 986 545 1058 dubias,
562 986 628 1044 ante
641 984 837 1043 induxerimus
851 1005 859 1044 ε
875 1007 945 1047 nam

256 1069 323 1126 ante
350 1067 455 1147 aliquid
483 1068 567 1124 nobis
596 1062 759 1124 concellum
784 1062 841 1125 effe
875 1068 945 1128 nihil

255 1146 407 1227 proderit,
434 1150 457 1205 si
482 1148 509 1206 ei
536 1144 669 1204 dissimile
694 1148 747 1203 erit
770 1144 833 1218 id,
862 1145 944 1227 cujus

255 1228 341 1287 causi
364 1225 434 1287 illud
457 1226 577 1286 concedi
604 1226 729 1305 primum
752 1223 943 1289 voluerimus.

255 1306 374 1368 Deinde
388 1327 449 1366 non
465 1307 655 1388 intelligatur,
670 1306 728 1385 qub
742 1302 943 1384 spectamina

187 1432 189 1434 ψ
254 1391 355 1469 primae
372 1386 574 1460 induiliones,
592 1385 625 1445 &
643 1385 681 1444 ad
700 1405 788 1464 quem
806 1388 864 1445 sint
880 1393 944 1448 erti-

253 1485 317 1528 tum
340 1483 548 1550 perventura:
574 1487 642 1524 nam
667 1468 716 1545 qui
739 1465 844 1540 videt,
868 1470 892 1526 si
916 1473 944 1530 ei

253 1552 317 1623 rei,
334 1569 398 1630 quae
417 1548 511 1628 primb
528 1562 664 1627 rogetur,
683 1543 759 1604 recle
774 1542 941 1624 affenserit,

252 1629 333 1689 illam
351 1648 467 1717 quoque
490 1647 552 1687 tem
573 1670 583 1699 ,
607 1646 670 1705 quae
694 1625 746 1684 sibi
766 1624 940 1706 displiceat,

253 1707 310 1769 effe
331 1707 483 1768 necessarib
503 1704 747 1779 concedendam,
767 1707 941 1790 plerumque

252 1806 381 1850 autnon
401 1785 627 1866 respondendo,
642 1802 690 1844 aut
712 1787 787 1845 male
811 1787 940 1869 respon-

253 1869 352 1930 dendo
370 1868 481 1949 longius
497 1865 656 1946 procedere
676 1869 858 1947 rogationem
876 1891 940 1930 non

250 1952 325 2008 sinit.
347 1948 447 2028 Quare
464 1949 575 2006 ratione
596 1948 751 2028 rogationis
768 1949 940 2027 imprudens

251 2031 289 2089 ab
307 2050 364 2104 eo,
381 2027 461 2108 quod
478 2029 639 2100 concessit,
657 2025 693 2085 ad
709 2026 760 2100 id,
776 2028 858 2109 quod
876 2051 940 2093 non

252 2110 315 2172 vult
332 2108 514 2183 concedere,
536 2106 721 2167 deducendus
740 2105 790 2167 est.

297 2189 527 2273 54-Extremum
540 2205 636 2248 autem
647 2204 694 2247 aut
706 2204 832 2247 taceatur
843 2210 938 2272 opor-

251 2289 314 2346 tet,
333 2289 381 2330 aur
404 2270 598 2342 concedatur,
618 2285 665 2327 aut
683 2285 812 2350 negetur.
832 2269 864 2330 Si
882 2294 938 2334 ne-

251 2353 380 2431 gabitur,
398 2368 445 2408 aut
462 2348 640 2410 ostendenda
656 2347 697 2408 est
711 2343 867 2410 similitudo
886 2374 937 2414 ea-

249 2452 315 2490 rum
330 2450 450 2502 rerum,
469 2429 616 2510 quaeante
633 2427 769 2489 conceffae
785 2427 870 2506 sunt,
888 2452 939 2494 aut

248 2510 306 2569 alit
328 2509 468 2568 utendum
490 2508 663 2567 inductione.
680 2508 711 2567 Si
734 2511 935 2590 concedetur,

195 2633 197 2637 -
247 2587 451 2650 concludenda
463 2586 504 2648 est
516 2592 733 2669 argumentatio.
742 2589 773 2648 Si
784 2592 937 2670 tacebitur,

248 2687 298 2732 aur
313 2667 452 2730 elicienda
466 2665 506 2727 est
521 2667 670 2748 responsio
684 2689 693 2741 ;
710 2686 777 2744 aut,
795 2676 938 2751 quoniam

247 2751 419 2812 taciturnitas
429 2751 552 2808 imitatur
561 2745 792 2823 confessionem,
806 2774 861 2831 pro
878 2776 937 2831 eo,

248 2853 283 2892 ac
301 2833 325 2891 si
340 2827 501 2890 concellum
520 2832 578 2900 sit,
594 2828 767 2890 concludere
784 2837 938 2911 oportebit

246 2914 533 2996 argumentationem.
552 2908 594 2970 Ita
613 2907 645 2970 fit
663 2909 719 2972 hoe
738 2931 827 2994 genus
847 2936 937 2998 arguf
