2400 4067
326 490 627 558 RnerontcA
654 486 755 555 ΜΒ.
782 485 812 555 1.
864 506 940 581 217

254 622 305 664 aut
317 601 398 663 causa
412 623 473 661 non
487 604 540 676 sit,
574 621 645 661 uate
657 624 717 662 non
734 603 854 667 honeste
871 630 943 688 pos-

255 689 344 745 simus
364 682 538 744 concedere.
554 623 727 743 (iraeternur
754 686 892 766 quiddam
912 690 943 749 in

257 764 400 846 ejusmodi
414 764 682 836 enumerationibus
699 786 708 825 ι
725 763 878 845 Quoniam
892 769 946 828 ha·

256 847 310 908 bes
332 844 415 905 istum
437 865 569 926 equum,
597 862 646 904 aut
670 849 775 907 emeris
795 865 946 930 oportet,

212 924 218 937 ’
255 946 306 988 aut
325 926 488 987 hereditate
505 925 676 1006 possideas,
693 945 741 987 aut
757 948 878 990 munere
896 953 945 990 ac·

258 1010 392 1089 ceperis,
414 1024 462 1066 aut
481 1005 561 1066 domi
579 1006 633 1065 tibi
650 1024 736 1067 natus
751 1012 811 1084 sit,
830 1028 898 1085 aut,
923 1014 947 1072 si

258 1090 365 1149 horum
387 1088 457 1148 nihil
480 1085 545 1161 est,
571 1085 736 1169 surripueris
759 1090 871 1153 neceffe
893 1090 946 1153 est.

259 1169 320 1231 Sed
337 1190 433 1251 neque
453 1166 569 1241 emisti,
588 1188 687 1250 neque
707 1171 869 1233 hereditate
888 1194 946 1235 ve-

217 1245 224 1256 ’
260 1254 324 1325 nit,
344 1271 440 1331 neque
456 1250 538 1309 domi
554 1266 636 1309 natus
652 1249 717 1325 est,
739 1273 834 1335 neque
852 1255 947 1314 dona-

260 1349 307 1392 tus
323 1329 365 1391 est
382 1352 391 1389 z
408 1328 519 1390 neceffe
538 1329 578 1389 est
597 1350 669 1412 ergo
684 1330 860 1413 surripueris.
877 1336 945 1395 Hoc

262 1410 422 1472 commode
443 1409 697 1490 reprehendetur,
724 1416 750 1471 si·
774 1413 829 1473 dici
853 1419 948 1496 possit

264 1514 301 1553 ex
314 1489 443 1551 hostibus
458 1510 548 1571 equus
565 1488 622 1550 effe
640 1508 762 1571 captus,
778 1492 858 1569 cuius
873 1518 949 1577 prae-

263 1574 309 1632 dae
328 1571 414 1633 festio
434 1593 495 1630 non
515 1573 640 1630 venierit
660 1593 667 1630 :
686 1594 745 1653 quo
765 1575 872 1647 illato,
899 1579 948 1635 in-

260 1652 391 1714 firmatur
410 1653 616 1723 enumeratio,
637 1656 775 1733 quoniam
794 1656 825 1715 id
843 1658 879 1716 sit
897 1660 947 1717 in-

260 1735 403 1807 ductum,
425 1733 507 1816 quod
523 1736 700 1813 praeteritum
718 1738 753 1795 sit
772 1738 803 1795 in
823 1757 947 1801 enume-

259 1817 385 1878 ratione.
577 1882 594 1899 N

303 1893 415 1957 XLVI..
431 1894 536 1956 Altero
551 1912 650 1957 autem
667 1896 760 1959 modo
777 1900 945 1981 reprehen-

262 1978 368 2056 detur,
388 1978 411 2037 si
426 1995 475 2036 aut
491 1977 591 2037 contri
609 1977 717 2061 aliquid
731 1979 843 2054 dicetur
860 2004 866 2042 :
887 1984 946 2045 hoc

263 2058 305 2120 est
316 2104 326 2133 ,
338 2062 363 2118 si
375 2103 385 2132 ,
399 2058 526 2139 exempli
542 2060 627 2117 causi
639 2104 649 2130 ,
664 2076 696 2118 ut
713 2063 742 2118 in
754 2062 863 2122 eodem
879 2085 948 2124 ver·

260 2141 377 2212 femur,
397 2142 506 2218 poterit
520 2137 633 2198 ostendi
644 2140 805 2202 hereditate
816 2144 925 2206 veniffe
939 2168 948 2206 t

263 2238 312 2280 aut
329 2222 353 2277 si
363 2237 528 2278 extremum
544 2219 616 2276 illud
628 2241 690 2278 non
706 2222 760 2280 etit
775 2239 860 2304 turpe
875 2246 950 2284 con·

262 2300 391 2371 cedere,
408 2315 440 2356 ut
457 2300 481 2355 si
497 2299 580 2376 quis,
598 2319 689 2379 quum
705 2299 828 2361 dixerint
841 2303 951 2364 adver·

262 2382 326 2441 sarii
350 2400 358 2438 t
383 2379 445 2437 Aut
468 2378 584 2436 insidias
610 2377 706 2438 facere
732 2379 872 2458 voluisti,
899 2403 950 2447 aut

264 2465 361 2521 amico
376 2478 493 2519 morem
508 2455 617 2599 pessissi
627 2504 635 2533 ,
646 2474 703 2519 'aut
718 2462 879 2554 cupiditate,
891 2467 952 2527 ela·

265 2560 311 2603 tus
328 2563 384 2615 es‘,
398 2542 492 2601 arnico
522 2561 538 2600 e
552 2559 667 2600 morem
684 2539 798 2623 gesstffe
814 2543 950 2611 fateatur.

306 2623 355 2684 86.
367 2621 497 2703 Simplex
514 2638 612 2681 autem
626 2622 775 2683 conclusio
793 2627 951 2708 reprehen-

265 2705 362 2779 ditur,
378 2707 401 2763 si
416 2703 446 2763 id
458 2749 468 2777 ,
482 2702 564 2783 quod
575 2700 722 2783 sequitur,
738 2725 799 2764 non
816 2708 949 2772 videatur

264 2784 420 2846 neceffarid
439 2805 505 2843 cum
522 2804 585 2857 eo,
622 2784 683 2843 uod
699 2790 875 2864 antecessit,
895 2814 949 2851 co-

265 2868 384 2925 haerete.
394 2863 472 2923 Nam
484 2864 542 2924 hoc
555 2805 692 2945 quidem,
711 2864 740 2925 Si
753 2866 881 2948 spiritum
895 2872 949 2931 du·

267 2949 331 3016 cit,
351 2948 448 3005 vivit:
466 2942 496 3003 Si
515 2944 576 3004 dies
596 2943 660 3019 est,
681 2946 759 3007 iucet
779 2969 785 3006 :
805 2947 951 3026 ejusmodi

266 3026 332 3099 est,
356 3045 388 3085 ut
413 3044 480 3085 curn
504 3026 602 3107 priore
627 3026 783 3089 neceffario
806 3029 948 3110 posterius

309 3112 410 3170 Tomus
429 3108 456 3167 1.·
818 3111 848 3170 Κ
888 3133 894 3171 t

957 3449 1068 3589 f
