2400 4067
324 490 401 565 322
450 471 525 552 DE
549 470 888 540 Inrrnrrorrr
936 494 947 504 ·=

323 587 405 647 dium
423 588 611 661 incubuerat,
628 585 731 647 leviter
748 583 956 646 saucius'facile
976 584 1019 647 est

323 688 363 730 ex
380 670 501 730 vulnere
517 686 672 731 recreatus.
689 664 797 727 Navim
818 687 885 726 cum
904 688 997 729 onere
1006 713 1019 743 ,.

326 750 433 814 horum
444 754 531 810 trium
550 750 630 811 suam
646 747 763 831 quisque
778 745 835 809 effe
854 748 936 810 dicit.
957 749 1018 812 llic

326 851 431 892 omnes
449 830 555 914 scripto
584 831 622 891 ad
646 829 757 890 causam
779 829 954 904 accedunt,
984 831 1016 892 &

327 932 366 973 ex
381 915 506 973 nominis
521 915 553 974 vi
568 911 690 975 nascitur
707 913 922 972 controversia.
939 910 1019 973 Nam

328 995 362 1055 &
388 996 550 1076 relinquere
578 1005 714 1066 navem,
749 993 782 1052 &
808 1012 961 1054 remanere
987 996 1019 1054 in

329 1078 420 1147 navi,
438 1075 563 1157 denique
577 1077 659 1138 navis
676 1072 735 1213 igisa
751 1074 821 1155 quid
839 1075 897 1149 sit,
916 1072 1018 1135 defini·

328 1157 457 1216 tionibus
475 1159 619 1238 quaeritur.
645 1154 685 1214 lis
701 1175 749 1214 em
769 1172 867 1215 aurem
890 1176 928 1215 ex
947 1155 1022 1235 locis

328 1238 491 1311 omnibus,
518 1237 620 1319 quibus
647 1234 797 1298 definitiva
823 1234 1019 1313 constitutio,

328 1316 503 1377 rraclabitur.

375 1417 440 1480 155.
458 1399 566 1473 Nunc,
585 1400 724 1479 expositis
740 1400 774 1457 iis
789 1420 820 1457 ar
862 1402 1022 1461 mentatio-

328 1480 435 1554 nibus,
460 1502 523 1561 quae
547 1481 576 1538 in
597 1477 732 1559 judiciale
757 1502 809 1539 cau
822 1502 905 1540 arum
929 1502 1020 1563 genus

328 1562 613 1633 accommodantur,
640 1562 779 1642 deinceps
800 1563 831 1620 in
852 1562 1021 1623 deliberatio·

329 1662 401 1703 vum
415 1663 504 1725 genus
522 1644 554 1703 &
569 1639 850 1716 demonstrativum,
865 1664 1020 1726 argumen-

329 1723 412 1782 tandi
434 1724 519 1784 locos
545 1724 745 1804 &praecepta
769 1722 930 1798 dabimus;
958 1746 1022 1785 nou

370 1804 389 1862 ὸ
418 1825 479 1865 non
502 1807 532 1863 in
562 1804 657 1884 aliqua
686 1800 895 1864 constitutione
923 1807 1022 1866 omnis-

328 1824 444 1963 lffmper
466 1884 548 1944 causa
570 1884 724 1958 versetur;
750 1882 799 1945 sed
819 1888 888 1966 quia
909 1889 1021 1967 proprii

327 1968 442 2025 tantum
457 1965 557 2023 harum
573 1964 719 2025 causarum
732 1966 850 2046 quidam
866 1967 927 2027 loci
938 1967 1021 2042 sunt,

266 2065 272 2079 ·
328 2066 394 2106 non
411 2068 428 2104 a
444 2044 648 2106 constitutione
665 2046 807 2126 separati,
824 2046 874 2107 sed
892 2048 1022 2110 ad-fines·

293 2127 295 2131 ’
327 2126 435 2189 horum
452 2146 591 2208 generum
607 2128 840 2188 accommodati,

374 2208 443 2288 156,
461 2208 539 2267 Nam
558 2207 683 2289 placet,
707 2212 737 2269 in
756 2206 886 2288 judiciali
909 2231 1022 2293 genere*

328 2286 418 2350 finem
445 2287 502 2351 elle
523 2292 713 2371 aequitatem,
734 2291 790 2350 hoc
814 2289 878 2365 est,
902 2310 1020 2372 partem

328 2370 486 2451 quamdam
504 2371 660 2431 honestatis
679 2394 686 2430 ε
705 2374 734 2431 in
752 2372 948 2437 deliberativo
968 2397 1021 2435 au·

327 2466 389 2511 tem
404 2451 554 2511 Aristoteli
571 2454 668 2532 placet
686 2454 861 2527 utilitatem,
883 2457 971 2516 nobis
986 2457 1017 2518 &

328 2531 509 2593 honestatem
529 2533 561 2593 &
580 2533 734 2594 utilitatem
755 2557 761 2593 :
783 2538 813 2594 in
834 2533 1021 2602 demonstra·

327 2614 394 2671 tivo
417 2630 538 2684 autem,
562 2612 766 2676 honestatema
776 2616 880 2695 Quare
903 2618 934 2677 in
958 2618 1017 2684 hoc

327 2711 448 2771 quoque
466 2714 578 2775 genere·
593 2697 681 2757 causae
705 2697 838 2780 quaedam
858 2719 1018 2781 argumen-

326 2773 453 2833 tationes
471 2780 690 2851 communiter‚
707 2802 741 2839 ac
761 2778 892 2839 similiter
910 2780 1024 2842 tracia--

326 2851 434 2913 buntur
449 2858 600 2936 :quaedam
612 2859 766 2941 separatius
779 2862 817 2922 ad
829 2859 940 2938 finem,
957 2865 1018 2946 quo

324 2931 425 2995 referri
443 2959 562 3000 omnem
581 2943 722 3001 rationem
743 2959 863 3023 oportet
876 2988 890 3017 „
910 2943 1024 3026 adjun-

185 3031 440 3231 qgentur.
457 3020 556 3107 Atque
572 3023 786 3107 uniuscujusque
803 3023 1023 3117 constitutionis
