2400 4067
269 499 299 577 '4
385 485 837 555 Rnrroralc'onvrr
906 509 916 521 ’·

269 605 367 655 dicendi
376 605 515 672 pertinere,
531 605 680 672 sumpsimus.
696 606 753 656 Non
769 607 832 655 enlm
847 601 888 672 spe
901 622 969 674 quoe·

269 677 334 737 stirs,
352 693 394 730 aut
405 680 484 748 gloriis
497 680 613 729 commoti
626 680 735 735 venimus
745 680 774 727 ad
790 678 966 741 scribendum,

267 753 468 822 quemadmodum
483 753 560 802 ceteri
574 769 584 811 ς
598 752 640 802 sed
652 764 680 802 ut
692 751 804 802 indunt-il
818 752 899 812 nostri
915 767 967 805 tuae

266 842 361 879 morem
377 842 487 894 geramus
501 826 632 876 voluntati.
649 827 735 884 Nunc,
749 840 781 877 ne
790 824 895 877 nimitim
908 829 967 881 lon·

266 915 296 965 ga
316 899 418 953 sumatur
436 898 534 956 oratio,
553 898 582 948 de
604 915 631 948 re
651 898 733 949 dicere
751 898 896 965 incipiemus
918 901 967 958 ;si

265 983 298 1021 te·
307 987 380 1021 unum
395 972 454 1020 illud
468 973 648 1030 monuerimus,
662 985 738 1022 artem
753 972 804 1021 sine
817 972 967 1025 assiduitate

266 1045 362 1104 dicendi
376 1061 425 1094 non
441 1043 541 1094 multdm
556 1045 640 1111 juvare
653 1061 660 1095 ι
672 1058 699 1095 ut
711 1045 832 1112 intelligas
847 1046 913 1095 hanc
929 1064 966 1097 ra-

264 1118 356 1168 tionem
372 1118 542 1186 praeceptionis
558 1119 589 1168 ad
604 1118 804 1170 exercitationem
821 1135 968 1173 accommo-

264 1190 315 1240 dari
333 1203 458 1258 oportere.

302 1263 342 1313 ll.
362 1264 476 1315 Oratoris
497 1262 604 1315 officium
623 1263 676 1323 est,
697 1264 727 1313 de
745 1264 782 1313 his
801 1265 875 1316 rebus
895 1266 965 1334 polle

263 1334 366 1397 dicere,
380 1355 432 1404 quae
445 1355 484 1388 res
498 1338 529 1388 ad
542 1338 611 1388 usum
625 1337 719 1388 civilem
735 1337 840 1388 moribus
854 1357 883 1389 ac
900 1342 966 1409 legi·

224 1466 226 1468 ,
262 1411 308 1461 bus
325 1411 458 1462 eonslitutae
476 1411 554 1469 sunt,
576 1429 631 1462 cum
649 1410 782 1463 assensione
798 1413 964 1473 auditorum,

260 1485 345 1549 quoad
359 1483 413 1552 ejus
431 1484 484 1534 fieri
500 1487 602 1552 poterit.
620 1484 679 1536 Tria
699 1484 751 1534 sunt
770 1501 860 1552 genera
878 1478 965 1540 causa·

261 1573 337 1616 runt,
357 1575 411 1624 qnae
430 1559 541 1624 recipere
564 1558 638 1607 debet
660 1571 743 1608 orator
763 1573 770 1608 ι
793 1558 964 1611 demonstrati-

261 1646 342 1690 vum,
364 1631 568 1688 deliberativum,
586 1628 710 1694 judiciale.
726 1631 963 1685 -Demonsirativum

261 1703 314 1762 est,
330 1704 394 1770 quod
408 1704 521 1754 tribuitur
534 1703 560 1751 in
576 1700 678 1768 aficujus
692 1715 767 1753 certae
784 1703 894 1769 personae
911 1709 963 1760 lau·

261 1776 334 1835 dem,
349 1778 390 1826 vel
400 1774 612 1840 vituperationem.
623 1774 816 1826 Deliberativum
827 1777 863 1827 esi
871 1781 963 1847 ,quod

259 1847 286 1897 in
305 1848 482 1899 consultatione
497 1847 626 1914 positum,
641 1848 716 1903 hahet
734 1849 759 1898 in
778 1849 802 1899 se
821 1850 963 1905 suasionem

261 1921 289 1971 dr
312 1921 488 1971 dissuasionem.
509 1919 628 1972 iudiciale
647 1919 698 1978 est,
722 1922 787 1987 quod
804 1924 916 1987 positum
939 1928 963 1978 in

254 1995 443 2051 controversia,
459 1994 533 2043 habet
547 1992 742 2051 accusationem,
755 2005 797 2042 aut
810 1997 963 2058 petitionem

258 2082 316 2116 cum
331 2066 484 2117 defensione.
501 2066 590 2124 Nunc,
611 2081 668 2132 quas
685 2080 725 2114 res
743 2076 865 2113 oratorem
882 2070 962 2124 habe.

251 2155 286 2188 fre
307 2151 443 2205 oporteat,
464 2138 628 2190 docebimus:
646 2136 733 2185 deinde
752 2152 801 2203 quo
816 2137 894 2190 modo
917 2145 963 2198 has

258 2210 341 2262 causas
355 2212 450 2262 tratiari
466 2211 616 2270 conveniat,
628 2209 789 2261 ostendemus.

251 2299 263 2319 ‚·
296 2299 324 2351 3.
336 2285 447 2353 Oportet
457 2286 531 2354 igitur
546 2284 594 2335 effe
612 2285 635 2334 in
653 2295 751 2333 oratore
766 2284 960 2353 inventionem,
986 2344 988 2357 Ι

258 2360 458 2428 dispositionem,
477 2358 660 2416 elocutionem,
678 2357 834 2416 memoriam,
853 2359 879 2409 δι
897 2356 960 2429 ρςο.

251 2436 444 2485 nuntiationem.
461 2433 573 2484 lnventio
591 2431 624 2481 est
644 2430 793 2498 excogitatio
809 2447 890 2482 rerunt
912 2454 960 2489 ve.

257 2523 338 2558 rarum
358 2520 401 2556 aut
417 2505 600 2562 verisimilium,
619 2520 672 2569 quae
694 2503 786 2552 causam
804 2507 959 2570 probabilem

257 2580 371 2631 reddant.
388 2578 523 2645 Dispositio
537 2577 570 2626 esi
581 2576 643 2627 ordo
661 2575 687 2626 δι
702 2575 837 2626 distributio
853 2596 957 2645 rerum,

250 2669 313 2718 ·quar
334 2652 496 2709 demonstrat,
518 2650 576 2717 quid
592 2649 678 2715 quibus
699 2649 723 2698 in
743 2651 803 2700 locis
822 2651 854 2701 sit
874 2656 960 2706 collo-

257 2725 372 2776 candum.
388 2725 504 2778 Elocutio
515 2722 549 2774 est
559 2723 702 2773 idoneorum
713 2724 843 2773 verborum
859 2726 886 2776 δι
902 2728 959 2780 sen.

257 2799 388 2849 tentiarum
407 2799 437 2848 ad
453 2797 618 2848 inventionem
634 2797 835 2846 accommodatio.
856 2797 959 2853 Mento.

258 2874 293 2924 ria
311 2871 344 2923 est
359 2870 425 2922 firma
441 2870 513 2921 animi
526 2887 608 2922 rerum
624 2869 649 2920 δι
664 2870 809 2927 verborum,
829 2870 856 2920 δι
874 2872 957 2940 dispo.

257 2946 354 2998 titionis
368 2944 505 3012 perceptio.
520 2942 688 2994 Pronuntiatio
702 2941 735 2991 est
745 2943 833 3001 vocis,
851 2946 955 3010 vulttls,

255 3020 337 3089 gestis
348 3018 484 3074 moderatio
496 3034 551 3071 cum
563 3015 698 3071 venuslate.
712 3015 773 3069 Hac
784 3017 866 3070 omnia
876 3021 955 3078 tribus
