2400 4067
457 480 743 551 Torrcn
854 506 928 574 ῳι

250 613 332 678 qne,
350 591 382 654 &
403 607 471 653 tuos
489 594 569 668 vidi,
585 596 751 656 admonitus
771 596 855 676 hujus
872 603 935 661 reris

235 677 361 747 .aiieni,
381 674 460 733 nolui
474 672 569 735 deesse
585 698 625 737 ne
640 681 732 737 tacitae
746 678 865 758 quidem
882 680 936 739 fla·

274 756 387 816 itariorri
402 772 469 813 tuae.
504 754 604 837 Itaque
617 759 699 832 haec,
713 780 802 840 quum
817 779 934 821 mecum

253 778 344 898 fibros
360 856 422 895 non
438 835 602 911 haberem,
630 841 773 901 memorii
790 842 935 920 repetita,

253 921 285 977 in
301 914 361 997 ipsa
378 915 562 997 navigatione
576 919 748 1000 conscripsi,
769 920 880 1001 tibique
899 940 936 981 ex

254 1000 358 1057 itinere
375 997 458 1068 misi3
481 1013 513 1055 ut
535 999 602 1057 mei
615 999 763 1081 diligenti&
779 1000 937 1068 mandato-

253 1098 319 1137 rum
335 1092 469 1149 tuorum,
488 1095 518 1137 te
528 1099 666 1159 quoque,
682 1082 738 1139 etsi
750 1080 935 1142 admonitore

254 1179 317 1219 non
332 1177 418 1239 eges,
437 1157 474 1215 ad
488 1162 661 1220 memoriam
668 1158 829 1219 nostrarum
837 1182 935 1222 rerum

255 1241 424 1299 excitarem.
442 1235 502 1299 Sed
512 1235 573 1316 jam
582 1256 697 1321 ternpus
711 1238 752 1302 est
765 1241 803 1301 ad
814 1241 844 1303 id
853 1242 935 1324 quod

253 1317 424 1379 instituimus
438 1319 590 1378 accedere.

297 1397 335 1458 ll.
350 1397 453 1477 Quum
462 1401 557 1465 omnis
567 1401 640 1457 ratio
652 1399 774 1480 diligens
785 1398 937 1463 disserendi

256 1479 329 1538 duas
341 1479 446 1538 habeat
461 1497 556 1560 partes
567 1500 576 1551 3
593 1499 680 1537 unam
690 1481 880 1555 inveniendi,
893 1482 939 1543 al-

256 1576 351 1620 terrm
371 1557 541 1638 judicandi:
568 1558 712 1640 utriusque
730 1560 887 1698 princeps,
906 1577 938 1621 ut

256 1641 328 1700 mihi
354 1639 471 1720 quidem
498 1640 639 1712 videtur,
677 1638 730 1699 Ari
755 1640 848 1703 oteles
874 1640 937 1703 fuit.

256 1719 349 1781 Stoici
368 1736 464 1781 autem
477 1722 506 1779 in
518 1721 608 1780 altera
624 1719 856 1780 elaboraverunt.
886 1719 940 1780 Ju-

258 1800 374 1860 dicandi
383 1802 462 1862 eninr
472 1803 533 1861 vias
543 1801 696 1882 diligenter
709 1799 847 1880 persecuti
858 1798 937 1876 sunt,

258 1881 296 1942 ed
314 1879 457 1955 scientia,
478 1901 563 1961 quarn
586 1882 756 1942 Dialedir’cen
779 1880 938 1962 appellant.

257 1959 432 2024 Inveniendi
450 1963 522 2022 verb
538 1977 646 2034 artem,
668 1981 731 2040 quae
752 1964 851 2041 Topice
868 1961 938 2021 dici-

257 2056 320 2114 tur,
335 2060 456 2122 quaeque
475 2041 512 2100 ad
525 2040 605 2099 usum
619 2042 717 2118 potior
730 2058 812 2114 erat,
838 2041 870 2098 &
885 2063 937 2100 or-

259 2122 327 2181 dine
348 2137 455 2181 naturae
475 2120 673 2198 certe-prior,
699 2135 792 2177 totam
813 2121 940 2200 telique·

257 2218 334 2261 runt.
368 2200 433 2259 Nos
456 2214 577 2268 nutem,
605 2199 744 2274 quoniam
766 2199 795 2255 in
818 2214 939 2278 utraque

257 2280 368 2343 summa
375 2280 499 2348 utilitas,
511 2277 543 2335 &
552 2291 720 2354 utramque,
734 2276 757 2330 si
770 2277 822 2333 etit
831 2279 942 2352 otium,

258 2359 391 2443 persequi
402 2358 581 2437 cogitamus,
597 2355 635 2425 ab
648 2373 683 2416 ea
691 2397 701 2427 ‚
715 2373 779 2434 quae
791 2355 871 2434 prior
885 2353 942 2431 est,

257 2440 416 2500 ordiemur.

301 2539 331 2594 7.
351 2518 393 2577 Ut
406 2519 490 2598 igitur
505 2534 605 2575 earum
617 2533 733 2587 retum,
749 2532 811 2592 quae
822 2510 944 2575 abscon·

261 2600 328 2659 ditae
346 2598 428 2672 sunt,
448 2593 666 2667 demonstrato,
689 2594 721 2654 &
735 2610 836 2653 notato
852 2592 941 2669 loco,

260 2679 351 2741 facilis
369 2680 500 2751 inventio
515 2675 575 2748 est3
589 2678 629 2735 s'tc
644 2695 731 2756 quum
749 2672 942 2754 pervestigare

262 2782 292 2819 ar
335 2776 462 2819 mentum
474 2757 591 2836 aliquod
605 2757 757 2828 volumus,
768 2755 849 2815 locos
862 2753 944 2815 nosse

263 2780 405 2899 dedemus
425 2857 433 2892 ι
460 2840 499 2894 sic
518 2839 625 2894 enima
647 2834 761 2914 pellatae
778 2833 814 2892 ab
829 2831 945 2893 Aristo·

262 2916 321 2976 tele
343 2913 405 2975 sunt
419 2915 464 2973 hae
484 2918 564 2994 quasi
583 2913 611 2974 se
635 2934 687 2986 es,
705 2913 838 2992 equibus
857 2932 944 2992 argu-

260 3012 360 3062 menta
380 3010 562 3082 promuntur.
594 2992 694 3077 Itaque
715 2992 781 3054 licet
804 2989 923 3069 definire
935 3036 947 3068 ,
