2400 4067
439 501 760 572 Oratorem.
859 519 934 599 339

298 616 327 678 6.
343 614 470 678 Ftuus.
486 616 654 697 Quomodo
665 619 750 700 igitur
760 616 819 679 duo
830 639 936 702 genera

250 696 307 759 ista
317 696 442 759 dividis?
461 695 582 757 Pmn.
600 697 678 778 Quae
688 701 749 760 sine
761 715 821 760 arte
834 717 936 781 putan-

251 796 326 859 ¹tur,
350 799 386 839 ea
404 797 519 841 remota
542 779 687 860 appello,
710 797 742 839 ut
762 778 937 844 testimonia.

257 858 384 921 Fluus.
438 860 487 920 uid
498 859 604 919 insita?
623 859 743 921 PATER.
762 861 938 942 Qnaeinhae·

254 958 323 1002 rent
344 942 402 1000 ini
434 961 511 1001 are.
537 939 664 1001 Fartus.
688 940 938 1005 Testimoniorum

258 1019 401 1104 quaesunt
420 1021 550 1105 genera?
573 1020 696 1082 Pruna.
717 1021 882 1096 Divinum,
904 1025 938 1086 δι

257 1103 426 1163 humanum.
453 1101 615 1176 Divinum,
635 1119 668 1162 ut
683 1105 817 1179 oracula,
839 1121 872 1164 ut
886 1126 939 1164 au·

252 1182 364 1265 spicia,
384 1199 417 1242 ut
432 1185 672 1259 vaticinationes,
693 1186 726 1245 &
741 1184 875 1266 responsa
892 1184 939 1246 sa-

256 1263 424 1337 cerdotum,
436 1262 634 1346 haruspicum,
645 1264 856 1344 conjeeiorum.
871 1266 938 1326 Hu-

253 1365 394 1419 manum,
405 1345 485 1426 quod
497 1344 638 1425 speiiatur
649 1365 685 1405 ex
695 1345 862 1406 auetoritate
873 1392 883 1421 ,
903 1348 937 1408 &

251 1446 294 1487 ex
306 1426 477 1501 voluntate,
496 1426 581 1487 &ex
595 1427 747 1500 oratione,
767 1442 816 1485 aut
828 1426 937 1502 libera,

251 1523 307 1568 aut
320 1527 356 1568 ex
377 1504 468 1566 reffat
486 1508 517 1564 in
530 1527 589 1588 quo
601 1504 694 1565 insunt
702 1502 823 1587 scripta,
835 1507 937 1588 patia,

254 1608 313 1671 pro
347 1591 353 1603 ‘
377 1585 534 1668 a‚jurata,
548 1589 675 1668 quaesita.

293 1683 328 1747 7.
347 1667 469 1729 Pauus.
490 1666 567 1746 Quae
584 1666 649 1726 sunt
669 1687 732 1748 quae
749 1665 817 1725 dicis
831 1666 936 1727 insita?

256 1748 380 1811 Parme.
407 1748 488 1830 Quae
505 1746 593 1808 infixa
610 1745 674 1807 sunt
691 1747 777 1807 rebus
794 1747 883 1828 ipsis,
904 1764 937 1808 ut

253 1828 410 1904 definitio,
429 1846 462 1890 ut
472 1830 667 1903 contrarium,
684 1844 716 1887 ut
729 1848 783 1902 ea,
800 1827 937 1910 quaesunt

252 1913 332 1993 ipsi,
350 1913 535 1972 contrariove
547 1908 609 1990 ejus
621 1925 669 1968 aut
681 1909 800 1982 similia,
819 1927 868 1969 aut
878 1910 937 1969 dis·

251 1992 375 2067 similia,
390 2008 438 2051 aut
450 1991 662 2062 consentanea,
680 2008 728 2049 aut
741 1988 915 2052 diffentanea
926 2013 936 2066 3

258 2091 291 2135 ut
304 2093 359 2146 ea,
378 2093 441 2154 quae
458 2071 521 2132 sunt
538 2075 619 2155 quasi
630 2069 802 2150 conjuntia,
821 2091 870 2131 aut
884 2093 938 2147 ea,

252 2175 323 2235 quae
341 2151 404 2212 sunt
424 2155 504 2233 quasi
513 2155 680 2292 (fugnantia
700 2155 778 2214 inter
800 2151 828 2213 se
849 2174 856 2213 z
888 2173 936 2214 aut

259 2253 360 2293 earum
378 2252 494 2306 retum,
533 2255 550 2294 e
569 2233 671 2314 quibus
691 2237 804 2315 agitur,
825 2232 933 2294 causae:

257 2331 308 2374 aut
329 2310 474 2372 causarum
493 2330 635 2386 eventus,
657 2313 688 2373 id
706 2311 768 2387 est,
789 2333 852 2394 quae
872 2312 936 2374 sunt

255 2392 360 2458 effeti«
372 2393 409 2455 de
423 2395 532 2454 causis:
552 2410 585 2454 ut
598 2392 827 2468 distributiones,
840 2411 872 2454 ut
883 2414 936 2477 ge·

256 2497 328 2538 nera
361 2477 486 2549 artium,
505 2494 682 2557 generumve
695 2491 808 2557 partes:
830 2491 862 2534 ut
874 2478 937 2557 pri-

252 2497 496 2630 morinorum,
515 2557 547 2616 &
565 2558 648 2639 quasi
663 2557 885 2638 praecurrentia‚
904 2559 935 2617 in

255 2639 360 2722 quibus
378 2637 451 2700 inest
471 2637 577 2719 aliquid
590 2641 771 2727 argumenti:
795 2655 826 2696 ut
838 2658 934 2699 rerum

254 2723 482 2794 contentiones,
498 2718 568 2799 quid
579 2739 690 2796 majus,
703 2717 771 2798 quid
782 2740 849 2798 par,
866 2718 935 2800 quid

257 2804 351 2858 minus
363 2801 419 2874 sit,
433 2801 463 2857 in
475 2799 576 2879 quibus
587 2816 635 2857 aut
644 2815 751 2859 naturae
761 2817 873 2872 rerum,
886 2813 935 2858 aut

255 2877 406 2938 facultates
419 2892 632 2956 comparantur.

300 2955 354 3016 Ill.
376 2956 503 3016 qus.
526 2954 708 3015 Omnibusne
730 2959 815 3038 igitur
835 2977 871 3015 ex
891 2957 934 3017 his

258 3040 330 3103 locis
340 3052 509 3121 argumenta
519 3034 683 3096 sumemus?
702 3035 822 3176 Ριῗιι.
840 3037 932 3101 Immo

796 3140 814 3198 ¹]
