<?xml version="1.0" encoding="UTF-8"?>
<!DOCTYPE html PUBLIC "-//W3C//DTD XHTML 1.0 Transitional//EN"
    "http://www.w3.org/TR/xhtml1/DTD/xhtml1-transitional.dtd">
<html xmlns="http://www.w3.org/1999/xhtml" xml:lang="en" lang="en">
 <head>
  <title>
</title>
<meta http-equiv="Content-Type" content="text/html;charset=utf-8" />
  <meta name='ocr-system' content='tesseract 3.04.00' />
  <meta name='ocr-capabilities' content='ocr_page ocr_carea ocr_par ocr_line ocrx_word'/>
</head>
<body>
  <div class='ocr_page' id='page_1' title='image "./mtulliiciceroni01lallgoog_0194.png"; bbox 0 0 2400 4067; ppageno 0'>
   <div class='ocr_carea' id='block_1_1' title="bbox 248 464 884 660">
    <p class='ocr_par' dir='ltr' id='par_1_1' title="bbox 248 464 884 660">
     <span class='ocr_line' id='line_1_1' title="bbox 254 464 812 556; baseline -0.002 -22"><span class='ocrx_word' id='word_1_1' title='bbox 254 482 328 556; x_wconf 80' lang='lat'>174</span> <span class='ocrx_word' id='word_1_2' title='bbox 376 464 451 532; x_wconf 70' lang='lat' dir='ltr'>Da</span> <span class='ocrx_word' id='word_1_3' title='bbox 477 464 812 533; x_wconf 71' lang='lat' dir='ltr'>Irrrrurrorrs</span> 
     </span>
     <span class='ocr_line' id='line_1_2' title="bbox 248 573 884 660; baseline 0.006 -22"><span class='ocrx_word' id='word_1_4' title='bbox 248 573 357 660; x_wconf 77' lang='lat' dir='ltr'>puniit.</span> <span class='ocrx_word' id='word_1_5' title='bbox 383 575 559 658; x_wconf 68' lang='lat' dir='ltr'>Huiusmodi</span> <span class='ocrx_word' id='word_1_6' title='bbox 582 576 661 658; x_wconf 81' lang='lat' dir='ltr'>apud</span> <span class='ocrx_word' id='word_1_7' title='bbox 685 575 884 642; x_wconf 78' lang='lat' dir='ltr'>Terentium:</span> 
     </span>
    </p>
   </div>
   <div class='ocr_carea' id='block_1_2' title="bbox 287 709 923 781">
    <p class='ocr_par' dir='ltr' id='par_1_2' title="bbox 287 709 923 781">
     <span class='ocr_line' id='line_1_3' title="bbox 287 709 923 781; baseline 0.008 -18"><span class='ocrx_word' id='word_1_8' title='bbox 287 713 352 764; x_wconf 85' lang='lat' dir='ltr'>Nam</span> <span class='ocrx_word' id='word_1_9' title='bbox 368 711 388 764; x_wconf 90' lang='lat' dir='ltr'>is</span> <span class='ocrx_word' id='word_1_10' title='bbox 401 711 526 781; x_wconf 79' lang='lat' dir='ltr'>postquam</span> <span class='ocrx_word' id='word_1_11' title='bbox 539 709 647 764; x_wconf 80' lang='lat' dir='ltr'>excessit</span> <span class='ocrx_word' id='word_1_12' title='bbox 661 729 693 763; x_wconf 85' lang='lat' dir='ltr'>ex</span> <span class='ocrx_word' id='word_1_13' title='bbox 707 713 826 779; x_wconf 83' lang='lat' dir='ltr'>ephebis,</span> <span class='ocrx_word' id='word_1_14' title='bbox 840 712 923 768; x_wconf 80' lang='lat' dir='ltr'>Sosia.</span> 
     </span>
    </p>
   </div>
   <div class='ocr_carea' id='block_1_3' title="bbox 250 829 944 1160">
    <p class='ocr_par' dir='ltr' id='par_1_3' title="bbox 250 829 944 1160">
     <span class='ocr_line' id='line_1_4' title="bbox 250 829 943 917; baseline 0.004 -23"><span class='ocrx_word' id='word_1_15' title='bbox 250 833 305 895; x_wconf 88' lang='lat' dir='ltr'>Illa</span> <span class='ocrx_word' id='word_1_16' title='bbox 320 850 419 894; x_wconf 89' lang='lat' dir='ltr'>aurem</span> <span class='ocrx_word' id='word_1_17' title='bbox 435 833 583 909; x_wconf 89' lang='lat' dir='ltr'>narratio,</span> <span class='ocrx_word' id='word_1_18' title='bbox 600 854 664 915; x_wconf 83' lang='lat' dir='ltr'>quae</span> <span class='ocrx_word' id='word_1_19' title='bbox 678 829 809 895; x_wconf 88' lang='lat' dir='ltr'>versatur</span> <span class='ocrx_word' id='word_1_20' title='bbox 824 836 855 898; x_wconf 91' lang='lat' dir='ltr'>in</span> <span class='ocrx_word' id='word_1_21' title='bbox 870 855 943 917; x_wconf 89' lang='lat' dir='ltr'>per·</span> 
     </span>
     <span class='ocr_line' id='line_1_5' title="bbox 250 911 941 996; baseline 0.001 -20"><span class='ocrx_word' id='word_1_22' title='bbox 250 914 347 990; x_wconf 88' lang='lat' dir='ltr'>sonis,</span> <span class='ocrx_word' id='word_1_23' title='bbox 365 912 507 996; x_wconf 81' lang='lat' dir='ltr'>ejusmodi</span> <span class='ocrx_word' id='word_1_24' title='bbox 526 911 591 989; x_wconf 88' lang='lat' dir='ltr'>est,</span> <span class='ocrx_word' id='word_1_25' title='bbox 608 931 640 974; x_wconf 92' lang='lat' dir='ltr'>ut</span> <span class='ocrx_word' id='word_1_26' title='bbox 659 917 689 973; x_wconf 92' lang='lat' dir='ltr'>in</span> <span class='ocrx_word' id='word_1_27' title='bbox 706 933 742 974; x_wconf 88' lang='lat' dir='ltr'>ea</span> <span class='ocrx_word' id='word_1_28' title='bbox 764 916 852 977; x_wconf 87' lang='lat' dir='ltr'>simul</span> <span class='ocrx_word' id='word_1_29' title='bbox 872 937 941 977; x_wconf 88' lang='lat' dir='ltr'>cum</span> 
     </span>
     <span class='ocr_line' id='line_1_6' title="bbox 252 994 944 1078; baseline 0.003 -21"><span class='ocrx_word' id='word_1_30' title='bbox 252 997 339 1057; x_wconf 85' lang='lat' dir='ltr'>rebus</span> <span class='ocrx_word' id='word_1_31' title='bbox 355 998 424 1077; x_wconf 89' lang='lat' dir='ltr'>ipsis</span> <span class='ocrx_word' id='word_1_32' title='bbox 439 994 627 1078; x_wconf 89' lang='lat' dir='ltr'>personarum</span> <span class='ocrx_word' id='word_1_33' title='bbox 644 994 814 1071; x_wconf 85' lang='lat' dir='ltr'>sermones,</span> <span class='ocrx_word' id='word_1_34' title='bbox 827 997 862 1058; x_wconf 89' lang='lat'>&amp;</span> <span class='ocrx_word' id='word_1_35' title='bbox 879 999 944 1059; x_wconf 84' lang='lat' dir='ltr'>aui·</span> 
     </span>
     <span class='ocr_line' id='line_1_7' title="bbox 251 1075 794 1160; baseline -0.002 -21"><span class='ocrx_word' id='word_1_36' title='bbox 251 1079 294 1138; x_wconf 86' lang='lat' dir='ltr'>mi</span> <span class='ocrx_word' id='word_1_37' title='bbox 310 1076 433 1160; x_wconf 85' lang='lat' dir='ltr'>perspici</span> <span class='ocrx_word' id='word_1_38' title='bbox 451 1079 586 1159; x_wconf 82' lang='lat' dir='ltr'><strong>possint,</strong></span> <span class='ocrx_word' id='word_1_39' title='bbox 604 1077 663 1138; x_wconf 88' lang='lat' dir='ltr'>hoc</span> <span class='ocrx_word' id='word_1_40' title='bbox 680 1075 794 1138; x_wconf 85' lang='lat' dir='ltr'>modo:</span> 
     </span>
    </p>
   </div>
   <div class='ocr_carea' id='block_1_4' title="bbox 253 1209 943 1575">
    <p class='ocr_par' dir='ltr' id='par_1_4' title="bbox 253 1209 943 1575">
     <span class='ocr_line' id='line_1_8' title="bbox 254 1209 943 1280; baseline 0.006 -20"><span class='ocrx_word' id='word_1_41' title='bbox 254 1210 332 1263; x_wconf 85' lang='lat' dir='ltr'>Venit</span> <span class='ocrx_word' id='word_1_42' title='bbox 342 1212 372 1261; x_wconf 82' lang='lat' dir='ltr'>ad</span> <span class='ocrx_word' id='word_1_43' title='bbox 382 1229 420 1262; x_wconf 89' lang='lat' dir='ltr'>me</span> <span class='ocrx_word' id='word_1_44' title='bbox 432 1213 512 1277; x_wconf 75' lang='lat' dir='ltr'>sape,</span> <span class='ocrx_word' id='word_1_45' title='bbox 527 1212 650 1263; x_wconf 88' lang='lat' dir='ltr'>clamitans</span> <span class='ocrx_word' id='word_1_46' title='bbox 663 1228 670 1262; x_wconf 75' lang='grc' dir='ltr'><em>τ</em></span> <span class='ocrx_word' id='word_1_47' title='bbox 683 1209 752 1276; x_wconf 83' lang='lat' dir='ltr'>Quid</span> <span class='ocrx_word' id='word_1_48' title='bbox 761 1211 830 1280; x_wconf 79' lang='lat' dir='ltr'>agis,</span> <span class='ocrx_word' id='word_1_49' title='bbox 839 1210 943 1266; x_wconf 61' lang='lat' dir='ltr'>Micio)</span> 
     </span>
     <span class='ocr_line' id='line_1_9' title="bbox 254 1284 868 1352; baseline 0.003 -18"><span class='ocrx_word' id='word_1_50' title='bbox 254 1284 307 1334; x_wconf 88' lang='lat' dir='ltr'>Cur</span> <span class='ocrx_word' id='word_1_51' title='bbox 319 1285 400 1352; x_wconf 87' lang='lat' dir='ltr'>perdis</span> <span class='ocrx_word' id='word_1_52' title='bbox 417 1285 597 1336; x_wconf 83' lang='lat' dir='ltr'>adolescentem</span> <span class='ocrx_word' id='word_1_53' title='bbox 612 1285 681 1336; x_wconf 89' lang='lat' dir='ltr'>nobis</span> <span class='ocrx_word' id='word_1_54' title='bbox 696 1284 707 1335; x_wconf 76' lang='lat' dir='ltr'>d</span> <span class='ocrx_word' id='word_1_55' title='bbox 723 1302 767 1337; x_wconf 88' lang='lat' dir='ltr'>cur</span> <span class='ocrx_word' id='word_1_56' title='bbox 781 1284 868 1337; x_wconf 66' lang='lat' dir='ltr'>amati</span> 
     </span>
     <span class='ocr_line' id='line_1_10' title="bbox 253 1356 943 1430; baseline 0.007 -22"><span class='ocrx_word' id='word_1_57' title='bbox 253 1358 307 1409; x_wconf 82' lang='lat' dir='ltr'>Cur</span> <span class='ocrx_word' id='word_1_58' title='bbox 320 1371 390 1425; x_wconf 86' lang='lat' dir='ltr'>potat</span> <span class='ocrx_word' id='word_1_59' title='bbox 405 1357 416 1410; x_wconf 73' lang='grc' dir='ltr'><strong><em>ἓ</em></strong></span> <span class='ocrx_word' id='word_1_60' title='bbox 432 1377 476 1410; x_wconf 88' lang='lat' dir='ltr'>cut</span> <span class='ocrx_word' id='word_1_61' title='bbox 491 1371 519 1410; x_wconf 89' lang='lat' dir='ltr'>tu</span> <span class='ocrx_word' id='word_1_62' title='bbox 534 1360 572 1411; x_wconf 89' lang='lat' dir='ltr'>his</span> <span class='ocrx_word' id='word_1_63' title='bbox 590 1360 663 1411; x_wconf 88' lang='lat' dir='ltr'>rebus</span> <span class='ocrx_word' id='word_1_64' title='bbox 679 1359 796 1425; x_wconf 87' lang='lat' dir='ltr'>sumptum</span> <span class='ocrx_word' id='word_1_65' title='bbox 812 1356 943 1430; x_wconf 68' lang='lat' dir='ltr'>suggerisi</span> 
     </span>
     <span class='ocr_line' id='line_1_11' title="bbox 253 1430 868 1501; baseline 0 -17"><span class='ocrx_word' id='word_1_66' title='bbox 253 1432 351 1484; x_wconf 86' lang='lat' dir='ltr'>Vellitu</span> <span class='ocrx_word' id='word_1_67' title='bbox 365 1433 438 1484; x_wconf 92' lang='lat' dir='ltr'>nimio</span> <span class='ocrx_word' id='word_1_68' title='bbox 453 1433 565 1501; x_wconf 80' lang='lat' dir='ltr'>indulges</span> <span class='ocrx_word' id='word_1_69' title='bbox 581 1448 588 1484; x_wconf 77' lang='grc' dir='ltr'><strong>ε</strong></span> <span class='ocrx_word' id='word_1_70' title='bbox 606 1430 702 1484; x_wconf 82' lang='lat' dir='ltr'>nimidm</span> <span class='ocrx_word' id='word_1_71' title='bbox 717 1432 815 1499; x_wconf 86' lang='lat' dir='ltr'>ineptus</span> <span class='ocrx_word' id='word_1_72' title='bbox 830 1450 868 1484; x_wconf 85' lang='lat' dir='ltr'>es.</span> 
     </span>
     <span class='ocr_line' id='line_1_12' title="bbox 254 1503 943 1575; baseline 0.007 -19"><span class='ocrx_word' id='word_1_73' title='bbox 254 1503 943 1575; x_wconf 73' lang='lat' dir='ltr'>Nimiitmipsedurusest,praeteraequumque&amp;bonum·</span> 
     </span>
    </p>
   </div>
   <div class='ocr_carea' id='block_1_5' title="bbox 195 1623 954 3095">
    <p class='ocr_par' dir='ltr' id='par_1_5' title="bbox 195 1623 950 2584">
     <span class='ocr_line' id='line_1_13' title="bbox 195 1623 946 1712; baseline 0.001 -25"><span class='ocrx_word' id='word_1_74' title='bbox 195 1628 199 1634; x_wconf 79' lang='grc'><em>’</em></span> <span class='ocrx_word' id='word_1_75' title='bbox 254 1625 324 1688; x_wconf 87' lang='lat' dir='ltr'>Hoc</span> <span class='ocrx_word' id='word_1_76' title='bbox 336 1630 366 1687; x_wconf 90' lang='lat' dir='ltr'>in</span> <span class='ocrx_word' id='word_1_77' title='bbox 383 1648 491 1712; x_wconf 77' lang='lat' dir='ltr'>genere</span> <span class='ocrx_word' id='word_1_78' title='bbox 504 1627 676 1688; x_wconf 87' lang='lat' dir='ltr'>narrationis</span> <span class='ocrx_word' id='word_1_79' title='bbox 687 1625 778 1686; x_wconf 92' lang='lat' dir='ltr'>multa</span> <span class='ocrx_word' id='word_1_80' title='bbox 788 1623 878 1688; x_wconf 82' lang='lat' dir='ltr'>inesse</span> <span class='ocrx_word' id='word_1_81' title='bbox 890 1627 946 1688; x_wconf 76' lang='lat' dir='ltr'>de·</span> 
     </span>
     <span class='ocr_line' id='line_1_14' title="bbox 255 1707 946 1783; baseline 0 -14"><span class='ocrx_word' id='word_1_82' title='bbox 255 1709 307 1769; x_wconf 90' lang='lat' dir='ltr'>bet</span> <span class='ocrx_word' id='word_1_83' title='bbox 322 1707 483 1783; x_wconf 83' lang='lat' dir='ltr'>festivitas,</span> <span class='ocrx_word' id='word_1_84' title='bbox 500 1707 634 1768; x_wconf 64' lang='lat' dir='ltr'>confessa</span> <span class='ocrx_word' id='word_1_85' title='bbox 650 1727 687 1770; x_wconf 85' lang='lat' dir='ltr'>ex</span> <span class='ocrx_word' id='word_1_86' title='bbox 704 1728 801 1768; x_wconf 91' lang='lat' dir='ltr'>rerum</span> <span class='ocrx_word' id='word_1_87' title='bbox 817 1710 946 1770; x_wconf 84' lang='lat' dir='ltr'>varieta-</span> 
     </span>
     <span class='ocr_line' id='line_1_15' title="bbox 256 1787 945 1872; baseline 0.001 -23"><span class='ocrx_word' id='word_1_88' title='bbox 256 1807 309 1862; x_wconf 87' lang='lat' dir='ltr'>te,</span> <span class='ocrx_word' id='word_1_89' title='bbox 326 1793 490 1850; x_wconf 89' lang='lat' dir='ltr'>animorum</span> <span class='ocrx_word' id='word_1_90' title='bbox 508 1787 759 1862; x_wconf 84' lang='lat' dir='ltr'>dissimilitudine,</span> <span class='ocrx_word' id='word_1_91' title='bbox 777 1791 945 1872; x_wconf 86' lang='lat' dir='ltr'>gravitate,</span> 
     </span>
     <span class='ocr_line' id='line_1_16' title="bbox 255 1867 946 1952; baseline 0 -20"><span class='ocrx_word' id='word_1_92' title='bbox 255 1871 394 1944; x_wconf 86' lang='lat' dir='ltr'>lenitate,</span> <span class='ocrx_word' id='word_1_93' title='bbox 411 1869 482 1952; x_wconf 84' lang='lat' dir='ltr'>spe,</span> <span class='ocrx_word' id='word_1_94' title='bbox 502 1887 607 1942; x_wconf 89' lang='lat' dir='ltr'>metu,</span> <span class='ocrx_word' id='word_1_95' title='bbox 627 1867 806 1949; x_wconf 87' lang='lat' dir='ltr'>suspicione,</span> <span class='ocrx_word' id='word_1_96' title='bbox 822 1869 946 1933; x_wconf 85' lang='lat' dir='ltr'>deside·-</span> 
     </span>
     <span class='ocr_line' id='line_1_17' title="bbox 255 1949 946 2026; baseline 0.001 -14"><span class='ocrx_word' id='word_1_97' title='bbox 255 1953 322 2025; x_wconf 86' lang='lat' dir='ltr'>rio,</span> <span class='ocrx_word' id='word_1_98' title='bbox 336 1951 580 2024; x_wconf 89' lang='lat' dir='ltr'>dissimulatione,</span> <span class='ocrx_word' id='word_1_99' title='bbox 597 1969 714 2023; x_wconf 86' lang='lat' dir='ltr'>errore,</span> <span class='ocrx_word' id='word_1_100' title='bbox 730 1949 946 2026; x_wconf 71' lang='lat' dir='ltr'>misericordis,</span> 
     </span>
     <span class='ocr_line' id='line_1_18' title="bbox 257 2030 948 2112; baseline 0 -18"><span class='ocrx_word' id='word_1_101' title='bbox 257 2033 383 2094; x_wconf 83' lang='lat' dir='ltr'>sortunae</span> <span class='ocrx_word' id='word_1_102' title='bbox 398 2034 652 2106; x_wconf 85' lang='lat' dir='ltr'>commutatione,</span> <span class='ocrx_word' id='word_1_103' title='bbox 670 2030 814 2112; x_wconf 90' lang='lat' dir='ltr'>insperato</span> <span class='ocrx_word' id='word_1_104' title='bbox 826 2035 948 2094; x_wconf 86' lang='lat' dir='ltr'>incom-</span> 
     </span>
     <span class='ocr_line' id='line_1_19' title="bbox 257 2110 948 2193; baseline -0.001 -16"><span class='ocrx_word' id='word_1_105' title='bbox 257 2116 352 2177; x_wconf 93' lang='lat' dir='ltr'>modo</span> <span class='ocrx_word' id='word_1_106' title='bbox 369 2160 379 2191; x_wconf 88' lang='lat'><strong>‚</strong></span> <span class='ocrx_word' id='word_1_107' title='bbox 399 2114 490 2174; x_wconf 74' lang='lat' dir='ltr'>subitis</span> <span class='ocrx_word' id='word_1_108' title='bbox 507 2114 629 2188; x_wconf 68' lang='lat' dir='ltr'>laetitia,</span> <span class='ocrx_word' id='word_1_109' title='bbox 650 2110 780 2193; x_wconf 81' lang='lat' dir='ltr'>jucundo</span> <span class='ocrx_word' id='word_1_110' title='bbox 802 2114 881 2176; x_wconf 88' lang='lat' dir='ltr'>exitu</span> <span class='ocrx_word' id='word_1_111' title='bbox 898 2134 948 2176; x_wconf 87' lang='lat' dir='ltr'>re·</span> 
     </span>
     <span class='ocr_line' id='line_1_20' title="bbox 258 2192 947 2277; baseline 0.001 -19"><span class='ocrx_word' id='word_1_112' title='bbox 258 2218 335 2258; x_wconf 88' lang='lat' dir='ltr'>rum.</span> <span class='ocrx_word' id='word_1_113' title='bbox 354 2196 469 2257; x_wconf 79' lang='lat' dir='ltr'>Verum</span> <span class='ocrx_word' id='word_1_114' title='bbox 487 2195 549 2258; x_wconf 83' lang='lat' dir='ltr'>haec</span> <span class='ocrx_word' id='word_1_115' title='bbox 571 2215 608 2256; x_wconf 88' lang='lat' dir='ltr'>ex</span> <span class='ocrx_word' id='word_1_116' title='bbox 624 2197 679 2268; x_wconf 89' lang='lat' dir='ltr'>iis,</span> <span class='ocrx_word' id='word_1_117' title='bbox 700 2215 763 2276; x_wconf 85' lang='lat' dir='ltr'>quae</span> <span class='ocrx_word' id='word_1_118' title='bbox 787 2192 890 2277; x_wconf 79' lang='lat' dir='ltr'>postea</span> <span class='ocrx_word' id='word_1_119' title='bbox 908 2197 947 2259; x_wconf 86' lang='lat' dir='ltr'>de</span> 
     </span>
     <span class='ocr_line' id='line_1_21' title="bbox 259 2276 948 2360; baseline -0.003 -21"><span class='ocrx_word' id='word_1_120' title='bbox 259 2277 428 2351; x_wconf 79' lang='lat' dir='ltr'>elocutione</span> <span class='ocrx_word' id='word_1_121' title='bbox 445 2279 679 2360; x_wconf 85' lang='lat' dir='ltr'>praecipientur,</span> <span class='ocrx_word' id='word_1_122' title='bbox 704 2293 877 2337; x_wconf 87' lang='lat' dir='ltr'>ornamenta</span> <span class='ocrx_word' id='word_1_123' title='bbox 898 2276 948 2337; x_wconf 88' lang='lat' dir='ltr'>su·</span> 
     </span>
     <span class='ocr_line' id='line_1_22' title="bbox 259 2359 949 2439; baseline -0.001 -19"><span class='ocrx_word' id='word_1_124' title='bbox 259 2377 387 2422; x_wconf 87' lang='lat' dir='ltr'>mentur.</span> <span class='ocrx_word' id='word_1_125' title='bbox 404 2359 492 2420; x_wconf 90' lang='lat' dir='ltr'>Nunc</span> <span class='ocrx_word' id='word_1_126' title='bbox 502 2359 541 2420; x_wconf 90' lang='lat' dir='ltr'>de</span> <span class='ocrx_word' id='word_1_127' title='bbox 552 2360 717 2419; x_wconf 88' lang='lat' dir='ltr'>narratione</span> <span class='ocrx_word' id='word_1_128' title='bbox 729 2377 785 2431; x_wconf 91' lang='lat' dir='ltr'>ea,</span> <span class='ocrx_word' id='word_1_129' title='bbox 797 2379 862 2439; x_wconf 85' lang='lat' dir='ltr'>quae</span> <span class='ocrx_word' id='word_1_130' title='bbox 874 2380 949 2419; x_wconf 86' lang='lat' dir='ltr'>cau·</span> 
     </span>
     <span class='ocr_line' id='line_1_23' title="bbox 260 2437 950 2527; baseline 0.003 -27"><span class='ocrx_word' id='word_1_131' title='bbox 260 2439 297 2501; x_wconf 86' lang='lat' dir='ltr'>sae</span> <span class='ocrx_word' id='word_1_132' title='bbox 317 2443 449 2505; x_wconf 89' lang='lat' dir='ltr'>continet</span> <span class='ocrx_word' id='word_1_133' title='bbox 465 2441 705 2527; x_wconf 85' lang='lat' dir='ltr'>expositionem,</span> <span class='ocrx_word' id='word_1_134' title='bbox 722 2437 880 2503; x_wconf 86' lang='lat' dir='ltr'>dicendum</span> <span class='ocrx_word' id='word_1_135' title='bbox 898 2442 950 2502; x_wconf 85' lang='lat' dir='ltr'>vi·</span> 
     </span>
     <span class='ocr_line' id='line_1_24' title="bbox 259 2521 358 2584; baseline 0.01 -1"><span class='ocrx_word' id='word_1_136' title='bbox 259 2521 358 2584; x_wconf 85' lang='lat' dir='ltr'>detur.</span> 
     </span>
    </p>

    <p class='ocr_par' dir='ltr' id='par_1_6' title="bbox 261 2600 954 3095">
     <span class='ocr_line' id='line_1_25' title="bbox 303 2600 950 2687; baseline 0 -23"><span class='ocrx_word' id='word_1_137' title='bbox 303 2601 380 2664; x_wconf 86' lang='lat' dir='ltr'>XX.</span> <span class='ocrx_word' id='word_1_138' title='bbox 401 2601 533 2685; x_wconf 85' lang='lat' dir='ltr'>Oportet</span> <span class='ocrx_word' id='word_1_139' title='bbox 559 2605 647 2687; x_wconf 86' lang='lat' dir='ltr'>igitur</span> <span class='ocrx_word' id='word_1_140' title='bbox 668 2623 735 2666; x_wconf 89' lang='lat' dir='ltr'>eam</span> <span class='ocrx_word' id='word_1_141' title='bbox 761 2618 820 2663; x_wconf 85' lang='lat' dir='ltr'>tres</span> <span class='ocrx_word' id='word_1_142' title='bbox 838 2600 950 2665; x_wconf 86' lang='lat' dir='ltr'>hahere</span> 
     </span>
     <span class='ocr_line' id='line_1_26' title="bbox 261 2682 951 2768; baseline -0.001 -24"><span class='ocrx_word' id='word_1_143' title='bbox 261 2703 330 2758; x_wconf 83' lang='lat' dir='ltr'>res,</span> <span class='ocrx_word' id='word_1_144' title='bbox 352 2701 385 2744; x_wconf 90' lang='lat' dir='ltr'>ut</span> <span class='ocrx_word' id='word_1_145' title='bbox 407 2683 529 2760; x_wconf 83' lang='lat' dir='ltr'>brevis,</span> <span class='ocrx_word' id='word_1_146' title='bbox 550 2703 582 2749; x_wconf 94' lang='lat' dir='ltr'>ut</span> <span class='ocrx_word' id='word_1_147' title='bbox 600 2703 723 2768; x_wconf 86' lang='lat' dir='ltr'>aperta,</span> <span class='ocrx_word' id='word_1_148' title='bbox 742 2702 774 2744; x_wconf 91' lang='lat' dir='ltr'>ut</span> <span class='ocrx_word' id='word_1_149' title='bbox 790 2682 951 2764; x_wconf 89' lang='lat' dir='ltr'>probabilis</span> 
     </span>
     <span class='ocr_line' id='line_1_27' title="bbox 264 2761 953 2840; baseline 0.004 -16"><span class='ocrx_word' id='word_1_150' title='bbox 264 2765 312 2824; x_wconf 88' lang='lat' dir='ltr'>sit.</span> <span class='ocrx_word' id='word_1_151' title='bbox 327 2761 429 2827; x_wconf 88' lang='lat' dir='ltr'>Brevis</span> <span class='ocrx_word' id='word_1_152' title='bbox 442 2767 515 2838; x_wconf 88' lang='lat' dir='ltr'>erit,</span> <span class='ocrx_word' id='word_1_153' title='bbox 529 2769 573 2840; x_wconf 90' lang='lat' dir='ltr'>si,</span> <span class='ocrx_word' id='word_1_154' title='bbox 586 2763 789 2829; x_wconf 87' lang='lat' dir='ltr'>undenecesse</span> <span class='ocrx_word' id='word_1_155' title='bbox 803 2761 865 2838; x_wconf 80' lang='lat' dir='ltr'>est,</span> <span class='ocrx_word' id='word_1_156' title='bbox 880 2764 953 2827; x_wconf 84' lang='lat' dir='ltr'>inde</span> 
     </span>
     <span class='ocr_line' id='line_1_28' title="bbox 262 2845 953 2927; baseline 0.003 -21"><span class='ocrx_word' id='word_1_157' title='bbox 262 2847 377 2908; x_wconf 90' lang='lat' dir='ltr'>initium</span> <span class='ocrx_word' id='word_1_158' title='bbox 391 2845 537 2922; x_wconf 90' lang='lat' dir='ltr'>sumetur,</span> <span class='ocrx_word' id='word_1_159' title='bbox 555 2849 589 2910; x_wconf 86' lang='lat'>&amp;</span> <span class='ocrx_word' id='word_1_160' title='bbox 607 2869 668 2908; x_wconf 90' lang='lat' dir='ltr'>non</span> <span class='ocrx_word' id='word_1_161' title='bbox 686 2848 723 2908; x_wconf 90' lang='lat' dir='ltr'>ab</span> <span class='ocrx_word' id='word_1_162' title='bbox 741 2847 845 2908; x_wconf 88' lang='lat' dir='ltr'>ultimo</span> <span class='ocrx_word' id='word_1_163' title='bbox 863 2866 953 2927; x_wconf 88' lang='lat' dir='ltr'>repe·</span> 
     </span>
     <span class='ocr_line' id='line_1_29' title="bbox 265 2926 953 3010; baseline 0.001 -23"><span class='ocrx_word' id='word_1_164' title='bbox 265 2944 365 3003; x_wconf 89' lang='lat' dir='ltr'>tetur,</span> <span class='ocrx_word' id='word_1_165' title='bbox 390 2928 423 2989; x_wconf 76' lang='grc' dir='ltr'>δι</span> <span class='ocrx_word' id='word_1_166' title='bbox 442 2931 466 2989; x_wconf 93' lang='lat' dir='ltr'>si</span> <span class='ocrx_word' id='word_1_167' title='bbox 492 2927 573 3010; x_wconf 86' lang='lat' dir='ltr'>cujus</span> <span class='ocrx_word' id='word_1_168' title='bbox 590 2931 632 2991; x_wconf 87' lang='lat' dir='ltr'>rei</span> <span class='ocrx_word' id='word_1_169' title='bbox 651 2928 716 2990; x_wconf 90' lang='lat' dir='ltr'>satis</span> <span class='ocrx_word' id='word_1_170' title='bbox 733 2930 788 2991; x_wconf 90' lang='lat' dir='ltr'>erit</span> <span class='ocrx_word' id='word_1_171' title='bbox 809 2926 953 2988; x_wconf 85' lang='lat' dir='ltr'>summam</span> 
     </span>
     <span class='ocr_line' id='line_1_30' title="bbox 265 3006 954 3095; baseline 0 -23"><span class='ocrx_word' id='word_1_172' title='bbox 265 3007 385 3087; x_wconf 82' lang='lat' dir='ltr'>dixisse,</span> <span class='ocrx_word' id='word_1_173' title='bbox 412 3006 475 3092; x_wconf 78' lang='lat' dir='ltr'>ejus</span> <span class='ocrx_word' id='word_1_174' title='bbox 498 3029 596 3095; x_wconf 84' lang='lat' dir='ltr'>patres</span> <span class='ocrx_word' id='word_1_175' title='bbox 619 3031 681 3073; x_wconf 92' lang='lat' dir='ltr'>non</span> <span class='ocrx_word' id='word_1_176' title='bbox 706 3009 864 3074; x_wconf 83' lang='lat' dir='ltr'>dicentur:</span> <span class='ocrx_word' id='word_1_177' title='bbox 883 3030 954 3072; x_wconf 83' lang='lat' dir='ltr'>nam</span> 
     </span>
    </p>
   </div>
   <div class='ocr_carea' id='block_1_6' title="bbox 0 0 1227 4067">
    <p class='ocr_par' dir='ltr' id='par_1_7' title="bbox 0 0 1227 4067">
     <span class='ocr_line' id='line_1_31' title="bbox 0 0 1227 4067; baseline 0 0"><span class='ocrx_word' id='word_1_178' title='bbox 0 0 1227 4067; x_wconf 95' lang='lat' dir='ltr'> </span> 
     </span>
    </p>
   </div>
  </div>
 </body>
</html>
