2400 4067
455 516 758 590 OnAron
865 541 944 618 &7

252 647 304 692 tur
316 648 445 712 utroque
456 652 465 704 ;
478 631 531 726 secl
538 634 630 728 alteru
642 637 672 692 in
681 635 824 696 narrando
835 637 943 719 aliquid

253 710 400 786 venuste,
418 713 510 773 altero
524 736 554 772 rn
565 714 720 791 jactendo,
738 717 942 799 mittendoque

254 793 402 865 ridiculo;
415 791 495 872 cujus
505 815 613 876 genera
624 796 706 875 plura
715 795 796 855 sunt:
809 795 943 858 sednune

255 872 371 933 aliuda
391 877 475 933 mus.

300 952 352 1014 88.
372 894 446 1013 illud
466 953 658 1015 admonemus
678 970 796 1030 tamen,
821 957 943 1018 ridiculo

255 1036 300 1094 sic
318 1031 434 1094 usurum
456 1052 626 1108 oratorem,
652 1053 684 1095 ut
706 1057 761 1097 nec
780 1039 864 1097 nimis
883 1036 945 1099 fre·

256 1115 379 1196 quenti,
390 1134 429 1175 ne
438 1113 550 1175 scurrile
560 1119 615 1187 sit;
627 1118 721 1177 necin
732 1117 943 1192 calamitatem,

258 1214 300 1254 ne
316 1194 524 1268 inhumanum
542 1217 597 1256 nec
615 1198 645 1255 in
667 1197 776 1259 facinus
784 1204 802 1272 ',
825 1219 864 1260 ne
883 1200 945 1261 odii

258 1276 363 1335 locum
373 1274 441 1335 risus
455 1294 601 1356 occupet;
621 1298 717 1359 neque
727 1296 775 1338 aut
785 1278 944 1363 suipetso-

259 1361 321 1429 nl,
346 1373 395 1416 aut
418 1354 563 1435 judicum,
587 1375 636 1416 aut
651 1375 786 1439 tempore
806 1361 943 1420 alienum.

260 1437 338 1497 Haec
365 1438 444 1498 eninr
467 1437 505 1497 ad
526 1437 596 1497 illud
617 1438 790 1499 indecorum
811 1440 946 1500 reserun-

259 1533 321 1576 tur·

306 1596 356 1676 89.
372 1594 487 1657 Vitabit
503 1599 589 1657 etiam
605 1600 738 1678 quaesita,
754 1618 810 1658 nec
826 1618 862 1658 ex
872 1616 946 1659 tem·

262 1697 339 1760 pore
351 1674 436 1751 flea,
452 1676 502 1738 sed
518 1677 609 1737 domo
623 1678 725 1750 allata3
743 1698 807 1760 quae
820 1679 948 1758 plerum·

263 1777 323 1899 lue
338 1756 401 1818 sunt
420 1757 547 1840 frigida:
576 1777 675 1838 parcet
697 1760 730 1818 ὃ(
747 1761 894 1833 amicitiis,
916 1761 947 1821 &

286 1837 467 1921 'gnitatibusz
490 1838 594 1900 vitabit
611 1838 777 1900 insanabiles
792 1856 947 1902 contume-

263 1919 341 1980 lias:
364 1920 569 1980 tantummodis
585 1919 762 1982 adversarios
777 1918 847 2005 figet
856 1922 871 1995 ,'
891 1942 946 1983 nec

264 2020 320 2062 eos
334 2014 435 2061 tamen
444 1999 577 2082 semper,
592 2021 648 2061 nec
659 2022 781 2074 omnes,
798 2022 852 2062 nec
866 2006 947 2063 omni

264 2079 380 2141 modos
401 2082 593 2163 quibus-exce
616 2082 651 2138 tis
669 2083 710 2139 sic
728 2098 823 2140 utetur
840 2081 896 2141 sale
914 2084 947 2141 &

264 2161 397 2234 facetiis,
413 2178 446 2221 ut
459 2182 517 2243 ego
526 2181 563 2221 ex
573 2102 629 2219 illis
641 2162 726 2220 novis
739 2159 845 2220 Atticis
858 2162 948 2222 talem

266 2264 304 2303 co
327 2243 461 2303 noverim
479 2243 648 2312 neminem,
669 2260 758 2321 quum
771 2238 801 2300 id
818 2242 897 2301 certe
913 2244 949 2301 sit

265 2262 456 2385 veimaxime
472 2321 615 2381 Atticum.

309 2420 360 2482 90.
379 2402 465 2463 Hanc
481 2421 540 2485 ego
554 2401 653 2481 judico
673 2397 797 2458 formam
810 2397 950 2460 summissi

267 2486 413 2555 oratoris,
433 2482 483 2542 sed
505 2485 604 2565 magni
624 2498 743 2553 tamen,
769 2480 801 2539 &
821 2485 951 2563 germani

267 2563 380 2634 Attici;
397 2566 553 2644 quoniam,
567 2561 705 2643 quidquid
716 2560 757 2619 est
769 2560 888 2632 salsum,
903 2581 952 2623 aut

266 2643 379 2704 salubre
398 2645 428 2702 in
446 2644 599 2717 oratione,
618 2641 648 2700 id
666 2644 816 2722 proprium
833 2642 953 2702 Attico-

267 2745 332 2784 rum
349 2721 391 2784 est
408 2744 416 2782 :
443 2723 577 2803 equibus
593 2741 692 2782 tamen
707 2743 769 2782 non
787 2742 889 2783 omnes
907 2723 954 2784 fa·

265 2807 334 2865 ceti.
352 2804 454 2883 Lysias
462 2802 546 2875 satis,
562 2805 593 2863 &
601 2802 769 2938 Hii’eridss
781 2801 951 2863 :Demades

289 2900 373 2943 raeter
385 2898 497 2943 eeteros
508 2882 616 2944 fertur:
667 2881 950 2942 emosthenesminlrs

266 2908 411 3037 labeum
426 2983 485 3045 quo
496 2965 612 3045 quidem
623 2960 692 3019 mihi
703 2961 771 3019 nihil
780 2961 896 3021 videtur
905 2984 953 3021 ur·

268 3048 389 3119 bunius,
403 3043 452 3106 sed
463 3066 523 3106 non
533 3061 593 3105 tam
602 3042 684 3102 dicax
695 3039 763 3116 suit,
777 3038 864 3123 quim
873 3041 955 3105 sace·
1018 3110 1027 3123 Ι,
