2400 4067
334 483 410 550 260
459 481 533 548 Da
557 478 892 546 Iuraurtoiva

332 592 421 674 plicio
441 590 498 654 esse
518 592 662 674 dignum;
683 610 742 672 quo
761 588 856 661 loco,
879 588 937 649 nisi
954 609 1024 670 pet·

332 675 439 749 orati,
463 673 496 734 δι
536 671 639 733 tobati
658 669 765 743 causi,
789 667 914 730 nonest
934 689 1024 731 uten-

334 755 402 814 dum
420 775 428 813 τ
444 773 492 814 aut
509 696 627 827 dubiae,
665 772 709 810 uae
725 769 761 810 ex
778 753 928 812 contrario
946 772 1023 834 quo·

333 856 391 916 que
410 835 516 895 habeat
531 773 700 926 probabiles
718 832 844 891 rationes
861 853 1022 914 argumen-

333 917 433 988 tandi,
450 933 482 975 ut
493 914 611 996 sulpicio
634 916 697 973 ibus
711 913 791 972 credi
804 931 975 993 oportere,
990 914 1021 974 &

335 995 458 1071 contria,
477 936 680 1078 suspicioniius
696 994 775 1053 credi
791 1015 853 1053 non
868 1011 1022 1076 oportere.

335 1075 381 1137 Ac
395 1099 459 1158 pars
471 1077 605 1138 locorum
617 1078 835 1148 communium,
854 1092 905 1134 aut
915 1096 971 1158 per
981 1077 1025 1136 iu·

334 1159 558 1240 dignationem,
576 1174 625 1217 aut
642 1176 695 1237 per
715 1153 960 1237 conquestionem
977 1159 1024 1216 in·

336 1240 468 1311 ducitur,
486 1238 524 1298 de
536 1239 639 1320 quibus
651 1236 718 1296 ante
731 1235 840 1295 didum
855 1233 899 1296 est
914 1257 921 1296 :
937 1258 1024 1319 pars,

335 1341 388 1401 per
404 1319 529 1402 aliquam
545 1318 730 1400 probabilem
744 1333 865 1399 utraque
885 1337 923 1378 ex
940 1339 1022 1400 parte

334 1419 488 1460 rationein.

376 1500 425 1559 49.
439 1479 630 1563 Distinguitur
643 1495 741 1541 autem
756 1480 872 1553 oratio,
894 1496 983 1563 atque
994 1480 1024 1540 il·

335 1561 466 1621 lustratur
489 1562 639 1635 maxime,
665 1559 729 1620 rari>
753 1559 926 1620 inducendis
952 1562 1023 1624 locis

335 1643 559 1716 communibus,
579 1644 613 1702 &
626 1641 722 1723 aliquo
735 1640 803 1701 loco
817 1638 877 1720 jam
893 1645 1026 1703 certiori·

334 1725 388 1784 bus
402 1724 455 1784 illis
473 1724 652 1784 auditoribus
672 1725 847 1804 argumentis
868 1722 1025 1784 confirma·

308 1817 310 1822 ’
334 1809 382 1865 tis.
412 1804 489 1863 Nam
520 1805 551 1864 &
578 1822 641 1863 tum
668 1802 837 1863 conceditur
862 1825 1024 1867 commuue

335 1884 474 1967 quiddam
495 1884 615 1957 dicere,
638 1904 728 1963 quum
747 1883 903 1964 diligenter
923 1885 1025 1972 aliquis

335 1968 469 2049 proprius
483 1964 571 2024 causae
583 1966 665 2024 locus
683 1962 817 2023 trailatus
835 1963 899 2039 est,
920 1967 955 2027 &
973 1989 1025 2028 au-

337 2047 438 2107 ditoris
452 2047 584 2118 animus,
602 2060 650 2103 aut
665 2062 822 2104 renovatur
834 2045 871 2103 ad
885 2067 943 2122 ea,
962 2071 1025 2131 qua

337 2127 464 2199 restant,
486 2143 533 2185 aut
547 2125 683 2186 omnibus
700 2124 760 2201 jam
776 2124 856 2184 ditiis
875 2126 1026 2190 exsuscita·
1064 2149 1068 2158 ·

336 2229 392 2269 tur.
412 2207 523 2268 Omnia
539 2208 618 2266 enim
637 2222 807 2266 ornamenta
824 2206 1024 2285 elocutionis,

336 2291 366 2349 in
385 2288 486 2371 quibus
505 2288 537 2348 &
552 2286 717 2360 suavitatis,
741 2288 773 2344 &
792 2289 941 2368 gravitatis
960 2291 1026 2370 plu·

336 2373 442 2431 timum
454 2366 602 2442 consistit,
622 2370 654 2427 ὃ(
668 2370 784 2440 omnia,
800 2388 863 2446 quae
878 2371 907 2427 in
921 2370 1027 2432 inven-

336 2454 419 2511 tione
439 2451 623 2523 verborum,
643 2449 675 2508 &
692 2447 898 2508 sententiarum
916 2451 1027 2534 aliquid

336 2533 445 2591 habent
457 2530 620 2615 dignitatis,
636 2532 667 2590 in
679 2549 850 2591 communes
860 2529 948 2593 locos
960 2554 1028 2593 con·

335 2612 477 2673 feruntur.
1030 2642 1033 2649 ·

382 2710 427 2773 50.
445 2691 568 2770 Quare,
586 2713 648 2752 non
664 2707 696 2750 ut
713 2690 880 2766 causarum,
898 2693 941 2752 sic
960 2716 1027 2756 ora·

336 2788 434 2832 torum
456 2793 572 2854 quoque
593 2772 751 2831 multorum
772 2794 946 2834 communes
968 2776 1027 2836 loci

339 2851 401 2912 sunt
418 2876 425 2912 :
441 2875 508 2912 nam
524 2855 576 2912 nisi
590 2852 627 2910 ab
639 2854 695 2924 iis,
713 2854 761 2933 qui
775 2855 865 2915 multi
883 2859 1029 2917 exercita·

337 2935 420 2993 tione
436 2954 570 3015 magnam
586 2934 642 2992 sibi
659 2932 690 2991 ὃ(
709 2934 891 3007 verborum,
913 2936 947 2997 &
963 2936 1028 2999 seu·

181 3015 494 3252 qtenuiorum
508 3015 625 3099 copiam
639 3017 897 3099 comparaverint,
909 3018 1030 3082 traciati
