2400 4067
330 486 407 561 30²
467 469 540 537 Dr
567 468 894 538 Irrrrrrrrorrr

327 585 472 664 cipimus,
499 586 578 667 qubd
600 583 675 644 illius
694 585 736 643 rei
757 602 852 664 neque
875 553 1020 642 admittis}

327 667 439 739 matio,
465 688 559 747 neque
588 667 684 725 exitus'
706 662 779 724 ullus
810 660 902 724 exstet
926 684 934 721 ε
961 682 1014 724 nos

326 745 408 825 quod
425 746 571 821 dicamus,
584 745 667 806 facile
686 745 718 807 ὃ(
736 743 896 838 commode
914 759 1017 803 trans-

326 826 367 910 igi
387 825 478 909 poffe.
493 827 536 888 Ut
554 826 675 887 inhacl
713 822 839 905 e(nihd
852 828 932 885 enim
946 845 1044 905 pro-s

327 905 409 969 hibet
431 906 528 968 fidiam
549 846 768 989 exemplieioro
792 926 932 987 ponere,
958 906 1020 987 quu

325 986 437 1050 facilius
453 1010 498 1050 res
516 986 717 1082 intelligatur)
735 990 871 1048 Meretrix
889 1008 1017 1049 eoronam

329 1091 441 1128 auream
462 1093 518 1130 nort
538 1071 647 1130 habeto.
672 1072 705 1129 St
727 1069 878 1143 habuerit,
900 1070 1016 1150 publica

330 1153 402 1231 esto,
417 1168 523 1212 eontra
539 1172 607 1215 eum
622 1195 632 1225 ,
652 1152 701 1231 qui
717 1151 905 1214 meretricem
919 1148 1021 1231 publi·

329 1232 387 1294 cari
403 1230 479 1291 dicat
497 1232 617 1313 exlege
636 1248 802 1313 oportere,
824 1228 919 1372 ppffit
939 1230 1016 1372 dupli,

921 1333 944 1391 Ρ
992 1334 1017 1371 ¹·

325 1331 429 1393 neque·
441 1310 719 1374 administrationem
736 1308 793 1376 effe
813 1332 833 1370 u

330 1412 371 1452 cae
386 1394 568 1468 meretricis,
585 1413 686 1473 neque·
700 1395 813 1457 eximm.
822 1391 896 1475 legis
908 1414 939 1452 m
956 1412 1019 1456 me·

328 1476 435 1537 tetrice.
447 1474 622 1555 publicanda
636 1494 644 1533 r
660 1489 689 1534 at
704 1476 735 1533 in
747 1493 818 1533 auro
836 1472 1015 1554 publicando

325 1554 362 1613 ἃ
381 1554 683 1629 administrationem,
712 1554 746 1615 ,ἃ
770 1556 881 1614 exitum
901 1553 1018 1618 facilem

329 1632 410 1710 effe,
430 1637 462 1697 &
477 1636 661 1698 incommodi
678 1634 750 1694 nihil
765 1632 864 1696 ineffe.

371 1714 452 1778 XLI.
467 1716 516 1778 Ac
534 1718 686 1799 diligenter
703 1715 774 1774 illud
791 1736 915 1799 quoque
926 1732 1020 1777 atten-

331 1796 402 1857 dere
417 1798 586 1878 oportebit,
602 1819 694 1871 num,
708 1797 759 1864 illo
775 1798 924 1877 probato,
940 1796 1017 1879 quod

330 1876 506 1939 adversarius
523 1878 683 1961 intelligat,
700 1878 797 1938 utilior
810 1898 859 1939 res
873 1923 882 1952 ,
896 1896 945 1938 aut
963 1880 1019 1938 ho·

329 1956 461 2033 nestior,
477 1977 530 2019 aut
541 1960 631 2041 magis
649 1955 825 2033 necessaria,
846 1981 864 2018 a
879 1958 1018 2041 scriptore

331 2040 463 2121 negleda
475 2040 618 2100 videatur.
632 2037 668 2099 Id
681 2036 751 2113 fiet,
768 2042 791 2098 si
803 2039 853 2113 id,
870 2040 953 2121 quod
966 2061 1019 2102 nos

331 2120 617 2194 demonstrabimus,
643 2119 829 2196 ‚honestum
853 2138 903 2181 aut
925 2122 1018 2197 utile,

254 2247 257 2252 .
330 2219 379 2261 aut
393 2200 579 2263 neeeffarium
594 2200 854 2263 demonstrabimus
869 2224 877 2262 t
895 2202 928 2263 ὃ(
943 2204 966 2261 si
978 2203 1021 2279 id,

330 2284 410 2364 quod
426 2284 462 2343 ab
479 2283 644 2344 adversariis
659 2284 789 2358 dicetur,
805 2285 928 2344 minime¹
945 2282 1022 2364 ejus-

288 2406 291 2411 ·
332 2366 416 2424 modi
433 2366 562 2425 dicemus
576 2363 644 2426 effe.
661 2364 780 2425 Deinde
799 2366 866 2425 siin
882 2366 949 2448 lege
967 2368 1023 2426 erit

331 2465 368 2506 ex
389 2447 524 2527 ambiguo
549 2449 776 2516 controversia,
803 2446 871 2506 dare
898 2467 1020 2526 operam

331 2526 500 2605 oportebit,
518 2542 549 2585 ut
564 2527 602 2588 de
618 2548 675 2601 eo,
691 2526 771 2609 quod
786 2525 962 2588 adversarius
977 2530 1022 2587 in-

330 2605 466 2687 telligat,
485 2607 539 2667 alia
558 2610 588 2668 in
608 2608 675 2690 lege
695 2626 810 2669 cautum
829 2606 886 2670 effe
907 2607 1021 2670 docea-

330 2702 385 2744 tur.

377 2786 441 2828 120.
465 2767 643 2829 Permultum
667 2786 762 2831 autem
790 2768 923 2853 proficiet
950 2770 1026 2831 illud,

330 2846 527 2909 demonstrare
539 2894 552 2923 ‚v
570 2850 819 2930 quemadmodum
838 2849 1022 2932 scripsisset,

332 2931 355 2986 si
368 2929 417 3000 id,
433 2930 511 3012 quod
526 2929 700 2991 adversarius
715 2935 857 3013 accipiat,
874 2930 957 3007 fieri,
974 2952 1035 2993 aut:—

328 3010 450 3093 iuteliigi
463 3008 620 3075 voluisset:
636 3029 667 3073 ut
683 3015 712 3076 'm
729 3014 781 3077 hac
800 3012 904 3091 eausa,
923 3016 953 3075 iu
966 3036 1028 3099 que

186 3135 339 3326 ἢ
