2400 4067
429 440 727 507 ORATOR.
844 460 923 532 473

239 554 363 615 omnino
374 554 570 635 relinquendi:
587 554 711 614 solutum
723 553 860 634 quiddam
869 557 926 629 sit,

239 640 296 696 ne'c
307 654 415 717 vagum
426 651 544 708 tamen,
563 652 595 694 ut
607 635 719 716 ingredi
736 635 844 708 libere,
862 656 924 694 non

240 734 273 776 ut
290 717 412 776 licenter
431 715 564 775 videatur
578 735 683 777 errare.
714 714 816 776 Verba
837 717 925 775 etiam

239 798 340 857 verbis
391 796 796 879 asicoagmentareneglig'ar.
825 794 925 855 Habet

241 880 322 939 enim
339 878 387 939 ile
406 893 553 957 tamquam
565 877 659 935 hiatus
672 875 811 937 corruda
828 896 926 936 voca·

238 958 411 1019 liummolle
427 957 585 1039 quiddam,
605 958 638 1016 dt
653 956 733 1034 quod
743 958 851 1017 indicet
862 976 925 1016 non

240 1042 384 1121 ingratam
394 1040 625 1120 negligentiam,
639 1038 681 1098 de
691 1058 721 1098 re
729 1038 855 1099 bominis
864 1058 928 1098 ma-

239 1122 283 1202 gis
293 1163 304 1192 ‚
316 1119 403 1199 quiam
413 1119 451 1179 de
462 1119 559 1178 verbis
570 1118 738 1179 laborantis.

282 1196 335 1275 78.
361 1198 420 1259 Sed
448 1202 502 1259 erit
530 1198 692 1259 videndum
721 1200 758 1259 de
781 1198 927 1279 reliquis,

241 1299 333 1361 quum
346 1278 408 1339 lraec
422 1279 481 1339 duo
495 1280 522 1339 ei
534 1278 668 1340 liberiora
677 1278 801 1352 fuerint,
820 1279 927 1339 circui-

241 1360 584 1441 tus‚conglutinatioque
595 1361 765 1420 verborum.
784 1358 837 1418 llla
846 1361 924 1419 enim

240 1439 302 1521 ipsa
321 1439 485 1519 guntrada,
507 1440 540 1498 δι
553 1442 681 1512 minuta,
701 1461 761 1499 non
773 1440 926 1520 negligen-

240 1519 442 1581 tertrallanda
455 1519 536 1592 sunt,
553 1518 604 1580 sed
615 1519 747 1601 quaedam
765 1521 853 1578 etiarn
867 1538 926 1579 ne-

263 1599 431 1683 ligenriaest
446 1600 493 1659 dil'
517 1620 586 1660 ens:
605 1622 674 1659 narn
683 1618 716 1659 ur
725 1599 859 1658 mulieres
867 1596 926 1659 elle

242 1622 378 1741 dicuntur
396 1621 542 1742 nonnilz
550 1682 692 1739 inomatae
702 1724 711 1753 ,
721 1694 792 1760 quas
801 1678 925 1759 idipsum

244 1762 370 1834 deceat;
391 1764 432 1821 rie
449 1761 512 1820 haec
530 1759 638 1820 subtilis
657 1763 751 1819 oratio
770 1760 861 1819 etiam
877 1762 926 1818 in-

243 1858 364 1923 compta
384 1841 518 1902 deleliat.
554 1841 600 1901 Fit
628 1843 705 1902 enirn
749 1839 866 1900 uiddam
894 1842 925 1900 in

242 1940 388 2004 utroque,
402 1924 460 2002 qub
470 1924 505 1982 sit
514 1920 681 1996 venustius,
697 1862 748 1981 sed
756 1942 816 1981 non
831 1936 863 1981 ut
872 1942 926 2001 ap-

244 2020 354 2085 pareat.
381 2001 462 2062 Tum
479 2003 680 2064 removebitur
696 2005 791 2067 omnis
807 2003 926 2083 insignis

243 2100 361 2145 ornatus
372 2126 383 2155 ,
395 2083 475 2163 quasi
491 2084 706 2163 margaritarum
719 2104 727 2139 ι
743 2101 780 2142 ne
791 2081 927 2140 calamis⁴
967 2148 970 2153 Ι

242 2167 277 2226 tri
296 2163 414 2245 quidem
428 2162 659 2222 adhibebuntur:
679 2161 766 2220 fucati
780 2162 853 2221 verb
866 2180 928 2220 me·

244 2244 409 2306 dicarnenta
418 2242 571 2314 candoris,
585 2243 618 2301 &
627 2241 739 2303 ruboris
749 2285 760 2311 ,
772 2243 870 2298 omnia
879 2258 928 2298 re-

243 2324 408 2406 pellentur:
430 2325 575 2406 elegantia
590 2320 683 2381 modb
699 2365 709 2394 ‚
734 2321 769 2380 δι’
785 2318 927 2378 munditia

243 2406 416 2466 remanebit.
443 2404 548 2466 Sermo
567 2422 655 2484 purus
673 2404 726 2460 erit
741 2400 773 2458 &
788 2399 928 2458 Latinusr

244 2486 389 2557 dilucide,
409 2485 552 2569 planeque
567 2483 695 2544 dicetur:
716 2480 785 2562 quid
802 2479 929 2554 deceat,

244 2563 370 2626 circums
386 2569 496 2626 icietur.

284 2586 400 2705 ΧΧΙῧ.
411 2645 511 2704 Unum
523 2643 633 2716 aderit2
644 2641 724 2723 quod
734 2656 866 2722 quartum
875 2661 930 2700 nu-

243 2742 338 2787 merat
348 2722 565 2803 Theophrastus
579 2727 609 2784 in
621 2724 760 2784 orationis
776 2721 929 2794 laudibus,

244 2820 381 2867 ornatum
393 2803 462 2862 illud
474 2802 581 2873 suave,
605 2803 638 2861 &
655 2801 774 2861 affluens
787 2822 794 2859 :
818 2817 928 2873 acutae,

244 2883 413 2961 crebraeque
426 2879 572 2945 sententie
584 2897 754 2961 ponentur,
778 2880 812 2940 ὃ(
831 2876 931 2939 nescio

244 2963 323 3028 unde
333 2979 370 3020 ex
378 2958 478 3021 abdito
490 2978 598 3035 erutae,
609 2977 695 3043 atque
705 2960 802 3023 inboc
810 2976 930 3023 oratore

244 3040 480 3109 dominabuntur.

964 3026 1026 3063 1-
1037 3048 1050 3070 ¹·
