2400 4067
449 483 743 558 Touicn
862 509 940 581 qm

253 624 289 669 nt
305 603 383 686 sunt.
419 601 489 663 Non
510 603 551 664 est
572 602 647 662 satis.
682 605 742 687 Qui
763 603 799 660 ab
820 603 944 686 ingenuis

251 687 364 748 oriundi
374 703 449 745 sunt.
468 683 516 744 Ne
531 685 562 743 id
574 684 693 764 quidem
704 683 770 742 satis
788 680 840 743 est.
865 688 944 766 Quo·

254 789 313 828 rum
322 763 454 846 majorum
465 784 542 826 ncnio
547 765 706 845 servitutem
710 765 836 845 servivit.
849 763 944 825 Abest

255 851 345 909 etiam
366 867 451 906 nunc.
467 850 526 927 Qui
542 849 632 926 capite
649 869 704 905 non
724 863 789 904 sunt
802 849 942 908 deminuti.

255 929 327 989 Hoc
345 924 461 987 sortasse
480 929 547 986 satis
568 924 635 985 est:
660 923 730 985 nihil
751 928 828 986 enim
850 927 942 987 video

256 1007 446 1079 Semelam,
471 1005 666 1086 pontificem,
689 1007 725 1064 ad
744 1006 818 1066 hanc
842 1006 948 1067 defini·

258 1093 373 1149 tionem
392 1087 540 1148 addidille.
570 1087 613 1147 At
634 1107 671 1147 ue
690 1087 750 1146 hoec
770 1090 843 1147 ratio
866 1090 947 1150 valet

259 1172 289 1234 in
302 1186 369 1229 utro
412 1190 428 1230 e
445 1189 554 1251 genere
574 1109 799 1242 deinitionum‚
817 1172 879 1231 sive
895 1170 947 1246 id,

277 1250 340 1311 uod
352 1191 413 1322 eiu,
431 1253 494 1310 sive
511 1249 562 1323 id,
578 1249 662 1332 quod
682 1250 874 1332 intelligitur,
893 1252 948 1313 de·

255 1272 483 1392 iniendumest.

304 1429 352 1492 30.
371 1410 564 1471 Partitionum
579 1427 700 1483 autem,
719 1409 753 1469 &
771 1409 947 1473 divisionum

262 1513 356 1589 genus
376 1492 462 1574 quale
482 1489 572 1564 effer,
592 1488 788 1550 ostendimus:
810 1490 859 1551 sed
879 1493 949 1574 quid

263 1591 341 1634 mter
358 1571 386 1634 se
403 1571 559 1644 differant,
579 1572 692 1652 planius
716 1570 873 1631 dicendum
896 1571 950 1635 est.

261 1654 297 1714 ln
315 1657 472 1736 partitione
506 1653 567 1712 uasi
580 1652 714 1715 membra
729 1650 792 1710 sunt
807 1672 816 1723 ;
835 1669 867 1740 ut
881 1673 951 1713 cor*

263 1739 365 1818 potis,
376 1751 462 1817 caput
472 1675 624 1809 ,lumem
635 1753 754 1807 manus,
771 1731 953 1809 latera,cru·

264 1838 318 1889 ra,
356 1815 448 1889 edes,
466 1831 574 1875 cetera.

307 1837 377 1955 Vll.
407 1895 441 1956 ln
471 1895 617 1955 divisione
644 1893 746 1954 sprmae
771 1892 854 1970 sunt,
918 1908 955 1958 a!

265 1975 364 2039 Graeci
376 1975 442 2043 titan
454 1992 565 2038 vocant
584 1997 592 2035 t
621 1975 737 2048 nostri,
767 1978 790 2034 si
816 1979 864 2058 qui
877 1917 949 2040 tilluc

265 2057 344 2118 forte
359 2057 497 2131 vailant,
504 2056 768 2138 speciesappellant
783 2076 793 2128 ;
812 2078 873 2116 non
884 2079 954 2140 pes·

265 2140 339 2198 sime
356 2139 386 2197 id
399 2137 538 2220 quidem,
556 2135 607 2196 sed
626 2136 763 2195 inutiliter
776 2135 813 2193 ad
833 2155 953 2198 mutan·

265 2219 322 2278 clos
340 2218 418 2278 casus
428 2220 457 2275 in
472 2215 609 2276 dicendo.
637 2214 739 2274 Nolim
757 2217 858 2290 enim,
876 2239 914 2277 ne
926 2223 951 2280 si

265 2300 370 2361 Latine
398 2295 516 2377 quidem
537 2295 593 2354 dici
619 2296 730 2373 possit,
747 2294 897 2372 specierum
918 2299 951 2359 &

259 2380 404 2462 speciebus
418 2377 516 2437 dicere
529 2395 538 2448 ;
557 2375 589 2434 &
601 2374 677 2455 saepe
690 2374 734 2432 his
751 2373 860 2434 casibus
870 2395 955 2438 uten-

270 2461 341 2520 dum
362 2456 427 2518 ell:
459 2474 488 2516 at
502 2455 602 2536 fhnnis
624 2455 657 2515 ὃ(
675 2453 826 2534 firmarum
850 2458 951 2520 velim.

270 2540 373 2621 Quum
388 2555 485 2609 autem
501 2555 625 2620 utroque
642 2536 737 2596 verbo
750 2535 828 2595 idem
845 2538 954 2622 signifi·

270 2640 370 2695 cetur,
390 2621 632 2681 commoditatem
649 2620 678 2678 in
696 2616 824 2679 dicendo
834 2640 895 2682 non
905 2643 951 2683 ar·

266 2704 359 2764 bitror
374 2701 591 2784 negligendam.

315 2800 362 2860 31·
389 2781 491 2843 Genus
516 2783 549 2842 &
576 2781 703 2841 formam
726 2776 868 2840 deliniunt
892 2781 951 2844 hoc

271 2861 386 2919 modo:
408 2860 511 2920 Genus
527 2860 568 2920 est
590 2863 674 2918 notio
693 2860 729 2917 ad
748 2860 844 2940 plures
865 2861 953 2923 diffe-

272 2942 379 3001 rentias
395 2943 553 3019 pertinens.
579 2940 687 2998 Forma
703 2937 742 2997 est
756 2943 857 3012 notio,
873 2939 954 3020 cujus

272 3019 432 3083 differentia
448 3019 485 3078 ad
501 3036 586 3100 caput
602 3021 733 3100 generis,
751 3020 782 3077 &
799 3024 878 3100 quasi
889 3023 956 3084 lon-

313 3106 412 3163 Tomtts
432 3103 456 3161 l.
769 3098 787 3158 S
