2400 4067
380 459 429 554 78
493 460 962 528 Rrrnronrcorrrrnr

378 577 515 630 crebriores
532 577 593 626 sunt.
615 577 700 627 Docet
717 593 776 643 ergo
796 577 820 628 se
839 589 953 637 natura,
979 579 1068 648 vulgar

381 650 408 701 ἃ
421 650 509 701 usitati
520 667 546 700 re
559 668 610 701 non
625 650 761 701 exsuscitari
775 651 905 701 :novitate
919 649 987 703 verb
1001 652 1029 705 ὅ(
1044 655 1068 705 in

378 724 441 791 signi
455 725 561 792 quodam
575 725 678 794 negotio
693 725 850 777 commoveri.
867 724 987 776 Imitetur
1004 727 1068 795 Igitu

379 815 418 849 ars
437 811 565 858 naturam,
588 800 615 851 &
636 798 701 865 quod
722 815 751 850 ea
771 797 915 858 desiderat,
937 799 1055 851 inveniat

379 873 447 938 quod
465 871 589 931 ostendit,
613 872 733 940 sequatur.
755 871 821 922 Nihil
842 870 876 922 est
895 871 989 932 enirn,
1014 891 1068 941 quor

379 959 421 996 aut
438 958 523 996 natura
538 957 673 1013 extremum
688 944 824 1004 invenerit,
843 958 885 996 aut
901 945 1018 996 dodirina
1034 949 1068 1013 pri

380 1035 445 1072 mum
465 1036 473 1070 t
494 1018 536 1069 sed
554 1036 635 1069 rerum
657 1019 771 1086 principia
791 1020 821 1069 ab
841 1019 943 1088 ingenio
966 1020 1068 1086 profetia

380 1092 454 1151 lunt,
471 1092 498 1143 8(
512 1093 591 1143 exitus
608 1092 731 1158 discipline
745 1105 926 1159 comparantur.

420 1181 464 1231 37.
484 1167 604 1234 Imagines
623 1166 695 1233 igitur
713 1184 758 1216 nos
775 1168 801 1216 in
821 1183 853 1216 eo
872 1183 970 1234 genere
989 1167 1068 1219 condi

380 1252 451 1292 tuere
468 1241 610 1306 oportebit,
627 1239 694 1306 quod
711 1257 786 1307 genus
802 1256 899 1291 manem
913 1240 942 1289 in
960 1243 1068 1293 memori:

382 1313 515 1365 diutissime
534 1314 613 1380 potest
631 1329 638 1365 t
657 1314 681 1364 id
699 1314 815 1372 accidet,
839 1313 861 1364 si
878 1316 953 1380 qpadm
974 1316 1068 1366 maxim<

382 1400 453 1439 notas
472 1387 638 1440 similitudines
656 1388 851 1439 constituemus:
867 1387 888 1438 si
907 1404 962 1439 non
980 1401 1059 1440 mutas

382 1477 429 1510 nec
447 1479 543 1530 vagas,
570 1462 611 1512 sed
628 1461 719 1530 aliquid
735 1475 819 1514 notum
837 1473 942 1530 agentes
961 1462 1068 1532 imagine

383 1551 500 1602 ponemus
518 1553 525 1586 ε
542 1537 563 1585 si
580 1537 701 1604 egregiam
717 1536 946 1602 pulchritudinem,
966 1551 1013 1589 aut
1029 1538 1068 1589 uni

383 1625 436 1656 eam
455 1609 629 1676 turpitudinem
647 1611 681 1660 eis
703 1611 861 1660 attribuemus
880 1626 887 1659 ε
907 1609 930 1658 si
950 1611 1036 1679 aliqua
1053 1629 1068 1662 n

384 1683 573 1740 exornablmus,
590 1698 619 1733 ut
633 1684 653 1748 si
668 1683 781 1742 coronis,
796 1694 837 1732 aut
852 1680 919 1732 veile
933 1685 1062 1750 purpurei

384 1754 433 1819 qud
452 1758 520 1805 nobis
537 1757 645 1806 notorior
662 1757 693 1806 sit
708 1756 839 1805 similitudo
858 1767 923 1805 :aut
941 1756 966 1806 si
984 1758 1037 1826 qud
1053 1775 1068 1809 n

384 1827 591 1887 deformabimus,
614 1839 641 1878 ut
657 1829 677 1878 si
696 1841 841 1886 cruentam,
862 1840 904 1878 aut
922 1840 1003 1885 coeno
1019 1832 1068 1882 obli

383 1913 450 1959 tam,
468 1914 508 1950 aut
523 1900 617 1951 rubricir
631 1901 761 1952 delibutam
776 1901 918 1951 inducemus
931 1935 938 1961 ‚
962 1903 1016 1972 qud
1032 1923 1068 1956 rna

383 1975 419 2042 gis
435 1974 546 2041 insignita
559 1975 590 2025 sit
601 1975 678 2024 forma
693 1992 700 2026 t
714 1988 757 2026 aut
770 1977 790 2026 si
802 1975 915 2026 ridiculas
929 1983 976 2030 res
991 1980 1068 2047 aliqua

384 2048 525 2115 imaginibus
543 2049 701 2099 attribuemus
719 2065 727 2099 t
745 2066 846 2099 nemea
864 2065 905 2098 res
923 2053 1068 2120 quoquest

383 2124 452 2179 ciet,
471 2134 498 2171 ut
513 2120 607 2171 facilins
622 2121 751 2172 meminille
768 2122 897 2189 possimus.
915 2123 1007 2188 Nam,
1025 2143 1068 2194 qua

383 2212 424 2247 res
438 2211 509 2244 veras
524 2194 594 2245 facile
608 2195 777 2256 meminimus,
794 2194 887 2245 easdem
901 2192 973 2250 fidiae
991 2200 1020 2253 δι
1033 2201 1068 2252 dili

385 2282 473 2336 genter
488 2282 583 2320 notatas
597 2269 726 2320 meminisse
743 2287 792 2319 non
806 2268 840 2319 est
853 2266 966 2322 difficile.
987 2274 1039 2326 Sed
1054 2275 1068 2326 il

384 2344 427 2393 lud
445 2344 526 2394 facere
543 2344 686 2410 oportebit,
706 2357 734 2394 ut
747 2342 881 2394 identidem
894 2343 992 2407 primos
1010 2364 1068 2417 qrrot

385 2435 433 2484 que
453 2420 523 2469 loros
540 2419 668 2486 imaginum
684 2418 876 2469 renovandorum
894 2418 973 2468 causi
993 2422 1068 2475 celeri

384 2502 424 2542 ter
438 2492 518 2540 animo
532 2508 709 2555 percurramus.

423 2564 522 2614 XXIII.
538 2564 618 2622 Scio,
638 2564 765 2630 plerosque
784 2563 906 2622 Graecos,
925 2565 970 2632 qui
988 2568 1022 2619 de
1037 2584 1068 2621 nt

386 2637 463 2688 moria
477 2636 635 2702 seripserunt,
651 2636 748 2697 fecisse,
763 2650 791 2688 ut
804 2639 936 2688 multorum
948 2643 1068 2695 verbum

387 2711 504 2779 imagines
518 2711 714 2770 conscriberent,
728 2712 780 2768 uti,
795 2712 836 2779 qui
849 2728 890 2762 eas
903 2712 1021 2767 ediftere
1034 2720 1068 2769 ve'

388 2786 463 2843 lent,
487 2797 581 2851 paratas
604 2786 743 2844 haberent,
766 2801 797 2835 ne
819 2785 875 2851 quid
896 2785 921 2834 in
946 2789 1068 2853 quaemd

390 2876 472 2926 opere
488 2858 666 2909 consumerent.
686 2858 796 2923 Quorum
809 2859 929 2910 rationem
940 2861 1043 2928 aliquot
1057 2863 1068 2915 d

390 2933 468 2986 causis
486 2933 647 2999 improbamus
663 2948 670 2982 ε
689 2930 810 2998 primum,
828 2929 893 2998 qudd
909 2932 936 2982 in
950 2938 1068 2988 verboru

390 3005 597 3069 irmumerabilium
608 3005 761 3084 multitudine
772 3006 899 3068 ridiculum
909 3007 942 3080 sit
951 3008 1023 3066 mille
1028 3027 1068 3079 ¹ve
