2400 4067
428 460 753 528 ormaza.
854 477 928 549 353

240 592 333 644 ntor,
354 571 386 631 δε
406 592 507 632 eorum
521 573 650 653 aliquid,
668 571 748 653 quod
766 569 844 631 sensu
860 592 929 652 per-

242 654 304 734 cipi
314 654 427 734 possit:
446 657 552 727 eriam‚
567 656 590 712 si
603 669 795 734 praeparatum
804 652 929 732 aliquid,

242 735 269 793 si
278 736 527 793 communicatum
542 755 609 792 cum
619 734 735 814 aliquo,
748 736 771 792 si
780 729 881 813 postea
889 734 931 793 vi·

241 812 326 888 sum,
336 814 464 873 auditum
475 861 484 888 ‚
497 815 665 875 indicatum.

286 913 339 969 40.
364 893 539 954 Verisimilia
562 913 660 956 autem
686 896 791 975 partim
817 893 929 975 singula

242 990 373 1035 movent
388 974 438 1034 suo
454 977 607 1057 pondere;
621 978 743 1057 partim,
759 977 783 1033 si
790 974 928 1034 videntur

243 1052 305 1116 elle
323 1057 426 1137 exigua
439 1056 550 1137 perse,
565 1058 689 1115 multum
703 1073 822 1128 tamen,
838 1077 928 1136 quum

242 1134 311 1195 sunt
327 1156 519 1210 coacervata,
537 1136 714 1218 proficiunt:
735 1154 822 1218 atque
838 1140 868 1195 in
884 1137 927 1195 lsis

240 1218 447 1277 verisimilibus
472 1218 565 1277 insunt
592 1238 811 1299 nonnumquam
838 1219 926 1277 etiam

242 1314 334 1358 certae
347 1316 443 1359 rerum
463 1297 495 1359 ὃ(
509 1301 635 1379 propriae
652 1315 741 1358 notae.
764 1297 926 1357 Maximam

241 1394 345 1439 autem
361 1376 430 1438 facit
446 1377 535 1439 fidem
550 1379 587 1438 ad
605 1377 821 1438 similitudinem
837 1382 925 1453 veri,

239 1460 389 1541 primum,
413 1480 498 1520 exem
521 1460 607 1518 lum:
635 1458 742 1518 deinde
763 1458 925 1519 introduela

241 1541 286 1601 rei
295 1540 472 1600 similitudo:
490 1482 587 1599 llhula
596 1541 685 1599 etiam
694 1559 925 1620 nonnumquam,

242 1622 300 1682 etsi
312 1622 350 1680 sit
364 1621 556 1697 incredibilis,
575 1638 675 1681 tamen
690 1621 825 1681 homines
842 1641 926 1679 com-

241 1718 358 1763 movet.

283 1781 351 1842 Xll.
376 1782 503 1844 Frurus.
530 1781 636 1860 Quid?
664 1779 838 1842 definitionis
858 1801 922 1862 quae

239 1865 316 1924 ratio
332 1860 392 1937 est,
413 1865 445 1924 ὃ(
458 1885 522 1944 quae
535 1866 583 1923 via
601 1863 612 1922 ἓ
639 1860 760 1922 Purra.
780 1858 851 1921 Non
868 1861 924 1920 du-

240 1943 323 2004 bium
341 1941 381 2004 est
391 1944 420 2005 id
437 1944 572 2025 quidem,
586 1946 655 2025 quin
668 1942 798 2003 definitio
812 1963 920 2025 genere

241 2024 428 2099 declaretur,
450 2025 482 2085 &
504 2027 683 2106 proprietate
705 2023 850 2105 quadam,
870 2041 921 2083 aut

240 2107 331 2171 etiam
351 2108 548 2169 communium
561 2105 740 2186 frequentia,
761 2104 920 2184 exquibus

238 2189 391 2269 proprium
403 2187 473 2268 quid
483 2190 540 2262 sit,
557 2186 679 2246 eluceat.
707 2182 766 2245 Sed
779 2187 917 2265 quoniam

240 2266 278 2327 de
300 2269 424 2363 propriis
441 2270 532 2328 oritur
546 2267 719 2348 plerumque
740 2284 846 2345 magna
863 2264 918 2324 dis-

237 2344 353 2422 sensio,
374 2347 572 2409 definiendum
590 2344 631 2405 est
650 2343 725 2422 saepe
745 2363 780 2406 ex
800 2360 917 2404 contra-

238 2429 304 2499 riis,
324 2427 399 2509 saepe
412 2431 499 2488 etiam
513 2448 550 2488 ex
566 2424 767 2497 dissimilibus,
784 2422 858 2504 saepe
878 2444 915 2485 ex

236 2507 365 2588 paribus.
395 2507 600 2587 Quamobrem
617 2504 824 2586 descriptiones
841 2525 918 2586 quo·

236 2607 295 2668 que
309 2587 409 2647 suntin
421 2589 480 2648 hoc
494 2607 601 2670 genere
611 2586 686 2668 saepe
698 2604 788 2666 apta,
804 2585 836 2644 &
848 2605 917 2645 enu-

236 2671 360 2728 meratio
369 2668 625 2748 consequentium,
636 2670 667 2726 in
675 2665 828 2747 primisque
837 2687 916 2726 com·

236 2765 342 2808 movet
351 2747 504 2826 explicatio
514 2748 652 2808 vocabuli
661 2769 693 2807 ac
704 2749 840 2806 nominis.

279 2845 329 2896 42.
347 2824 473 2885 Flulus.
490 2826 562 2885 Sunt
572 2829 704 2905 exposita
715 2825 774 2902 jam
786 2825 846 2886 fere
858 2846 912 2898 ea,

236 2925 302 2984 quae
314 2902 351 2960 de
364 2900 461 2975 fado,
476 2925 596 2983 quaeque
614 2905 650 2962 de
662 2903 728 2963 faui
741 2904 915 2983 appellatio-

236 3007 273 3051 ne
295 2999 469 3072 queruntur.
497 2982 615 3067 Nempe
632 2985 717 3065 igitur
734 3002 769 3043 ea
788 2979 914 3057 restant,
