2400 4067
506 1034 1863 1170 PARTXHONES

643 1286 751 1402 Ο
788 1283 1026 1400 RA
1064 1286 1300 1399 TO
1333 1283 1735 1403 RIAE.

513 1492 618 1621 F
621 1568 645 1609 1
665 1569 700 1610 1.
717 1567 741 1608 1
759 1568 804 1609 u
824 1567 876 1608 s.
917 1543 1139 1610 Studeo
1161 1593 1179 1620 ‚
1220 1546 1301 1607 mi
1327 1563 1492 1629 pater
1509 1592 1530 1621 ‚
1558 1543 1761 1609 Latine
1802 1570 1875 1610 ex

513 1648 571 1692 te
601 1630 796 1690 audire
837 1650 947 1703 ea,
988 1651 1113 1710 quae
1151 1629 1294 1687 mihi
1320 1646 1382 1688 tu
1423 1628 1496 1687 de
1534 1632 1757 1690 tatione
1787 1631 1880 1689 di-

513 1711 683 1772 cendi
722 1708 925 1771 Graece
969 1707 1244 1769 tradidisti
1283 1730 1302 1781 ;
1342 1707 1384 1767 fi
1422 1708 1605 1768 modo
1653 1710 1755 1769 tibi
1795 1708 1878 1770 est

514 1794 744 1865 otium,
789 1791 852 1851 &
889 1793 944 1849 .si
984 1793 1093 1851 vis·
1138 1788 1430 1848 PATER.
1477 1790 1579 1848 An
1628 1788 1751 1865 est,
1795 1792 1875 1849 mi

515 1868 733 1933 Cicero
752 1915 772 1944 ,
799 1871 961 1953 quod
991 1892 1103 1953 ego
1139 1871 1375 1944 malim,
1406 1869 1580 1951 quam
1611 1887 1670 1931 te
1703 1872 1876 1952 quam

513 1950 896 2013 dofflffimum
931 1950 1042 2013 esse
1084 1951 1105 2011 ἓ
1144 1948 1355 2012 Otium
1390 1968 1584 2010 autem
1624 1955 1875 2033 primism

508 2032 593 2094 est
636 2032 920 2093 summum
947 2078 968 2107 ‚
1006 2034 1282 2113 quoniam
1327 2032 1400 2092 ali
1444 2032 1635 2092 uando
1682 2032 1879 2094 Roma

513 2112 770 2176 exeundi
802 2112 1051 2193 potestas
1083 2113 1215 2173 data
1249 2111 1330 2173 est
1359 2135 1374 2172 ε
1452 2113 1621 2172 einde
1653 2113 1752 2174 ista
1780 2133 1879 2175 tua

510 2192 700 2255 studia
746 2193 860 2253 vel'
895 2196 1155 2253 maximis
1201 2195 1677 2276 occupationibus
1730 2199 1876 2256 meis

508 2272 864 2336 anteferrem
897 2272 1163 2333 libenter.

608 2376 663 2414 2.
689 2353 945 2414 Fulus·
988 2352 1165 2412 Visne
1194 2353 1396 2436 igitur,
1420 2369 1483 2412 ut
1509 2371 1571 2412 tu
1596 2375 1691 2414 me
1718 2353 1882 2415 Grae-

516 2438 584 2499 ce
608 2435 757 2496 soles
786 2434 991 2495 ordine
1020 2436 1234 2493 interro
1278 2455 1372 2493 are
1396 2480 1414 2506 ‚
1453 2437 1530 2494 sic
1562 2455 1676 2516 ego
1702 2452 1760 2495 te
1789 2441 1882 2495 vi-

516 2521 705 2579 cissim
733 2515 948 2578 eisdem
975 2515 1047 2575 de
1070 2455 1456 2576 rebuszatine
1478 2516 1830 2598 interrogem
1854 2517 1876 2576 ἓ

517 2598 760 2658 PATER.
797 2597 948 2657 Sane
967 2643 987 2671 ‚
1017 2600 1062 2656 si
1087 2598 1279 2677 placet
1304 2617 1318 2654 :
1365 2599 1443 2653 sic
1471 2598 1624 2654 enim
1667 2597 1729 2654 &
1760 2618 1876 2680 ego

515 2698 577 2741 te
599 2678 917 2738 meminisse
945 2677 1294 2758 intelligam,
1330 2696 1455 2754 quae
1482 2675 1777 2756 accepisti:
1811 2680 1876 2737 δε

508 2779 573 2822 tu
612 2760 816 2818 ordine
841 2759 1069 2831 audie5‚
1109 2780 1235 2837 quae
1269 2756 1526 2834 requiris,

601 2859 655 2915 3.
693 2839 945 2896 Fluus·
981 2837 1151 2914 Quot
1188 2839 1247 2893 in
1270 2852 1460 2913 partes
1489 2831 1876 2893 distribuenda

522 2916 606 2981 est
649 2918 840 2974 omnis
884 2915 1141 2972 dofirina
1186 2913 1470 2971 dicendi?
1527 2913 1767 2970 PATER.
1813 2913 1882 2971 In

516 3020 655 3061 tres.
702 2994 956 3054 Funus,
1011 2991 1183 3052 Cedo
1233 2990 1417 3069 quas?
1471 2990 1710 3049 PATER.
1758 2991 1885 3051 Pri—

596 3086 646 3144 T
644 3100 794 3141 ornus
835 3079 888 3137 l.
1589 3069 1632 3129 P
