<?xml version="1.0" encoding="UTF-8"?>
<!DOCTYPE html PUBLIC "-//W3C//DTD XHTML 1.0 Transitional//EN"
    "http://www.w3.org/TR/xhtml1/DTD/xhtml1-transitional.dtd">
<html xmlns="http://www.w3.org/1999/xhtml" xml:lang="en" lang="en">
 <head>
  <title>
</title>
<meta http-equiv="Content-Type" content="text/html;charset=utf-8" />
  <meta name='ocr-system' content='tesseract 3.04.00' />
  <meta name='ocr-capabilities' content='ocr_page ocr_carea ocr_par ocr_line ocrx_word'/>
</head>
<body>
  <div class='ocr_page' id='page_1' title='image "./mtulliiciceroni01lallgoog_0263.png"; bbox 0 0 2400 4067; ppageno 0'>
   <div class='ocr_carea' id='block_1_1' title="bbox 244 488 874 588">
    <p class='ocr_par' dir='ltr' id='par_1_1' title="bbox 244 488 874 588">
     <span class='ocr_line' id='line_1_1' title="bbox 244 488 874 588; baseline 0.016 -33"><span class='ocrx_word' id='word_1_1' title='bbox 244 488 540 558; x_wconf 69' lang='lat' dir='ltr'>uariorum</span> <span class='ocrx_word' id='word_1_2' title='bbox 569 491 670 560; x_wconf 80' lang='lat' dir='ltr'>Lrn.</span> <span class='ocrx_word' id='word_1_3' title='bbox 696 495 751 564; x_wconf 86' lang='lat' dir='ltr'>II.</span> <span class='ocrx_word' id='word_1_4' title='bbox 801 514 874 588; x_wconf 77' lang='lat'>243</span> 
     </span>
    </p>
   </div>
   <div class='ocr_carea' id='block_1_2' title="bbox 187 603 879 864">
    <p class='ocr_par' dir='ltr' id='par_1_2' title="bbox 187 603 879 864">
     <span class='ocr_line' id='line_1_2' title="bbox 187 603 878 680; baseline 0.004 -12"><span class='ocrx_word' id='word_1_5' title='bbox 187 605 288 668; x_wconf 87' lang='lat' dir='ltr'>secum</span> <span class='ocrx_word' id='word_1_6' title='bbox 307 606 462 680; x_wconf 84' lang='lat' dir='ltr'>attulerat,</span> <span class='ocrx_word' id='word_1_7' title='bbox 483 603 613 678; x_wconf 82' lang='lat' dir='ltr'>sustulit3</span> <span class='ocrx_word' id='word_1_8' title='bbox 633 605 710 667; x_wconf 88' lang='lat' dir='ltr'>solus</span> <span class='ocrx_word' id='word_1_9' title='bbox 753 605 878 671; x_wconf 68' lang='lat' dir='ltr'>rotenus</span> 
     </span>
     <span class='ocr_line' id='line_1_3' title="bbox 187 628 879 770; baseline -0.001 -21"><span class='ocrx_word' id='word_1_10' title='bbox 187 686 242 749; x_wconf 79' lang='lat' dir='ltr'>est.</span> <span class='ocrx_word' id='word_1_11' title='bbox 261 685 366 768; x_wconf 87' lang='lat' dir='ltr'>Caupo</span> <span class='ocrx_word' id='word_1_12' title='bbox 383 707 443 747; x_wconf 92' lang='lat' dir='ltr'>non</span> <span class='ocrx_word' id='word_1_13' title='bbox 462 689 557 747; x_wconf 80' lang='lat' dir='ltr'>multi&gt;</span> <span class='ocrx_word' id='word_1_14' title='bbox 573 685 640 770; x_wconf 73' lang='lat' dir='ltr'>post</span> <span class='ocrx_word' id='word_1_15' title='bbox 659 628 879 764; x_wconf 67' lang='lat' dir='ltr'>conciamavit,</span> 
     </span>
     <span class='ocr_line' id='line_1_4' title="bbox 188 766 878 864; baseline 0.001 -34"><span class='ocrx_word' id='word_1_16' title='bbox 188 769 340 831; x_wconf 83' lang='lat' dir='ltr'>hominem</span> <span class='ocrx_word' id='word_1_17' title='bbox 352 766 407 829; x_wconf 83' lang='lat' dir='ltr'>esse</span> <span class='ocrx_word' id='word_1_18' title='bbox 421 766 565 841; x_wconf 87' lang='lat' dir='ltr'>occisum,</span> <span class='ocrx_word' id='word_1_19' title='bbox 584 769 617 828; x_wconf 91' lang='lat'><strong>&amp;</strong></span> <span class='ocrx_word' id='word_1_20' title='bbox 630 790 701 864; x_wconf 41' lang='lat' dir='ltr'>cum·</span> <span class='ocrx_word' id='word_1_21' title='bbox 708 768 878 850; x_wconf 81' lang='lat' dir='ltr'>quibusdam</span> 
     </span>
    </p>
   </div>
   <div class='ocr_carea' id='block_1_3' title="bbox 187 847 878 3027">
    <p class='ocr_par' dir='ltr' id='par_1_3' title="bbox 187 847 878 1498">
     <span class='ocr_line' id='line_1_5' title="bbox 189 847 878 931; baseline -0.001 -20"><span class='ocrx_word' id='word_1_22' title='bbox 189 849 383 911; x_wconf 88' lang='lat' dir='ltr'>diversoribus</span> <span class='ocrx_word' id='word_1_23' title='bbox 396 850 497 924; x_wconf 91' lang='lat' dir='ltr'>illum,</span> <span class='ocrx_word' id='word_1_24' title='bbox 517 853 567 931; x_wconf 91' lang='lat' dir='ltr'>qui</span> <span class='ocrx_word' id='word_1_25' title='bbox 578 847 645 909; x_wconf 69' lang='lat' dir='ltr'>ante</span> <span class='ocrx_word' id='word_1_26' title='bbox 657 868 787 924; x_wconf 80' lang='lat' dir='ltr'>exierat,</span> <span class='ocrx_word' id='word_1_27' title='bbox 805 872 878 910; x_wconf 86' lang='lat' dir='ltr'>con·</span> 
     </span>
     <span class='ocr_line' id='line_1_6' title="bbox 187 930 878 1013; baseline -0.004 -21"><span class='ocrx_word' id='word_1_28' title='bbox 187 930 323 1013; x_wconf 84' lang='lat' dir='ltr'>sequitur.</span> <span class='ocrx_word' id='word_1_29' title='bbox 338 930 373 991; x_wconf 87' lang='lat' dir='ltr'>ln</span> <span class='ocrx_word' id='word_1_30' title='bbox 390 933 493 991; x_wconf 85' lang='lat' dir='ltr'>itinere</span> <span class='ocrx_word' id='word_1_31' title='bbox 510 931 661 992; x_wconf 85' lang='lat' dir='ltr'>hominem</span> <span class='ocrx_word' id='word_1_32' title='bbox 678 931 878 1012; x_wconf 79' lang='lat' dir='ltr'>comprehen-</span> 
     </span>
     <span class='ocr_line' id='line_1_7' title="bbox 189 1009 878 1094; baseline 0.004 -23"><span class='ocrx_word' id='word_1_33' title='bbox 189 1011 254 1086; x_wconf 85' lang='lat' dir='ltr'><strong>dit,</strong></span> <span class='ocrx_word' id='word_1_34' title='bbox 271 1011 398 1094; x_wconf 85' lang='lat' dir='ltr'>gladium</span> <span class='ocrx_word' id='word_1_35' title='bbox 411 1009 473 1090; x_wconf 84' lang='lat' dir='ltr'>ejus</span> <span class='ocrx_word' id='word_1_36' title='bbox 485 1032 502 1073; x_wconf 89' lang='lat' dir='ltr'>e</span> <span class='ocrx_word' id='word_1_37' title='bbox 516 1016 622 1093; x_wconf 83' lang='lat' dir='ltr'>vagina</span> <span class='ocrx_word' id='word_1_38' title='bbox 638 1011 754 1084; x_wconf 87' lang='lat' dir='ltr'>educit,</span> <span class='ocrx_word' id='word_1_39' title='bbox 771 1033 802 1072; x_wconf 93' lang='lat' dir='ltr'>re</span> <span class='ocrx_word' id='word_1_40' title='bbox 823 1016 878 1074; x_wconf 84' lang='lat' dir='ltr'>erit</span> 
     </span>
     <span class='ocr_line' id='line_1_8' title="bbox 187 1034 877 1154; baseline 0 -1"><span class='ocrx_word' id='word_1_41' title='bbox 187 1113 341 1154; x_wconf 75' lang='lat' dir='ltr'>truentum</span> <span class='ocrx_word' id='word_1_42' title='bbox 356 1114 362 1152; x_wconf 93' lang='lat'><strong>:</strong></span> <span class='ocrx_word' id='word_1_43' title='bbox 376 1093 468 1153; x_wconf 91' lang='lat' dir='ltr'>homo</span> <span class='ocrx_word' id='word_1_44' title='bbox 483 1096 513 1152; x_wconf 90' lang='lat' dir='ltr'>in</span> <span class='ocrx_word' id='word_1_45' title='bbox 524 1094 628 1153; x_wconf 88' lang='lat' dir='ltr'>urbem</span> <span class='ocrx_word' id='word_1_46' title='bbox 640 1094 677 1152; x_wconf 89' lang='lat' dir='ltr'>ab</span> <span class='ocrx_word' id='word_1_47' title='bbox 688 1093 744 1154; x_wconf 83' lang='lat' dir='ltr'>illis</span> <span class='ocrx_word' id='word_1_48' title='bbox 758 1034 877 1153; x_wconf 53' lang='grc' dir='ltr'>ἀειῖικὶυ</span> 
     </span>
     <span class='ocr_line' id='line_1_9' title="bbox 189 1171 878 1248; baseline 0 -14"><span class='ocrx_word' id='word_1_49' title='bbox 189 1189 258 1248; x_wconf 86' lang='lat' dir='ltr'>tur,</span> <span class='ocrx_word' id='word_1_50' title='bbox 277 1195 310 1233; x_wconf 88' lang='lat' dir='ltr'>ac</span> <span class='ocrx_word' id='word_1_51' title='bbox 322 1194 387 1233; x_wconf 86' lang='lat' dir='ltr'>reus</span> <span class='ocrx_word' id='word_1_52' title='bbox 402 1171 446 1233; x_wconf 84' lang='lat' dir='ltr'>sit.</span> <span class='ocrx_word' id='word_1_53' title='bbox 462 1172 497 1233; x_wconf 95' lang='lat' dir='ltr'>In</span> <span class='ocrx_word' id='word_1_54' title='bbox 513 1175 567 1234; x_wconf 89' lang='lat' dir='ltr'>hac</span> <span class='ocrx_word' id='word_1_55' title='bbox 578 1175 702 1234; x_wconf 86' lang='lat' dir='ltr'>intentio</span> <span class='ocrx_word' id='word_1_56' title='bbox 719 1172 761 1235; x_wconf 88' lang='lat' dir='ltr'>est</span> <span class='ocrx_word' id='word_1_57' title='bbox 778 1176 878 1234; x_wconf 79' lang='lat' dir='ltr'>crimi-</span> 
     </span>
     <span class='ocr_line' id='line_1_10' title="bbox 188 1252 877 1335; baseline 0.003 -20"><span class='ocrx_word' id='word_1_58' title='bbox 188 1257 257 1329; x_wconf 86' lang='lat' dir='ltr'>nis,</span> <span class='ocrx_word' id='word_1_59' title='bbox 277 1252 425 1316; x_wconf 84' lang='lat' dir='ltr'>Occidisti.</span> <span class='ocrx_word' id='word_1_60' title='bbox 441 1253 610 1335; x_wconf 87' lang='lat' dir='ltr'>Depulsio,</span> <span class='ocrx_word' id='word_1_61' title='bbox 629 1253 699 1315; x_wconf 93' lang='lat' dir='ltr'>Non</span> <span class='ocrx_word' id='word_1_62' title='bbox 711 1255 816 1316; x_wconf 84' lang='lat' dir='ltr'>occidi.</span> <span class='ocrx_word' id='word_1_63' title='bbox 831 1255 877 1317; x_wconf 86' lang='lat' dir='ltr'>Ex</span> 
     </span>
     <span class='ocr_line' id='line_1_11' title="bbox 188 1334 878 1418; baseline 0.004 -24"><span class='ocrx_word' id='word_1_64' title='bbox 188 1334 293 1418; x_wconf 81' lang='lat' dir='ltr'>quibus</span> <span class='ocrx_word' id='word_1_65' title='bbox 312 1334 478 1396; x_wconf 86' lang='lat' dir='ltr'>constitutio</span> <span class='ocrx_word' id='word_1_66' title='bbox 499 1334 551 1396; x_wconf 88' lang='lat' dir='ltr'>est.</span> <span class='ocrx_word' id='word_1_67' title='bbox 573 1334 705 1414; x_wconf 87' lang='lat' dir='ltr'>Quaestio</span> <span class='ocrx_word' id='word_1_68' title='bbox 725 1337 829 1397; x_wconf 85' lang='lat' dir='ltr'>eadem</span> <span class='ocrx_word' id='word_1_69' title='bbox 847 1339 878 1398; x_wconf 92' lang='lat' dir='ltr'>in</span> 
     </span>
     <span class='ocr_line' id='line_1_12' title="bbox 189 1412 875 1498; baseline 0.001 -21"><span class='ocrx_word' id='word_1_70' title='bbox 189 1415 397 1497; x_wconf 72' lang='lat' dir='ltr'>conjetturali,</span> <span class='ocrx_word' id='word_1_71' title='bbox 411 1437 475 1498; x_wconf 81' lang='lat' dir='ltr'>quae</span> <span class='ocrx_word' id='word_1_72' title='bbox 487 1412 627 1494; x_wconf 78' lang='lat' dir='ltr'>judicatio</span> <span class='ocrx_word' id='word_1_73' title='bbox 639 1461 649 1489; x_wconf 93' lang='lat'>,</span> <span class='ocrx_word' id='word_1_74' title='bbox 663 1415 875 1478; x_wconf 77' lang='lat' dir='ltr'>Occideritne?</span> 
     </span>
    </p>

    <p class='ocr_par' dir='ltr' id='par_1_4' title="bbox 187 1496 877 2463">
     <span class='ocr_line' id='line_1_13' title="bbox 230 1496 877 1578; baseline 0.003 -21"><span class='ocrx_word' id='word_1_75' title='bbox 230 1497 272 1558; x_wconf 89' lang='lat' dir='ltr'>V.</span> <span class='ocrx_word' id='word_1_76' title='bbox 298 1497 385 1558; x_wconf 88' lang='lat' dir='ltr'>Nunc</span> <span class='ocrx_word' id='word_1_77' title='bbox 410 1517 590 1577; x_wconf 86' lang='lat' dir='ltr'>exponemus</span> <span class='ocrx_word' id='word_1_78' title='bbox 614 1496 726 1570; x_wconf 87' lang='lat' dir='ltr'>locos,</span> <span class='ocrx_word' id='word_1_79' title='bbox 750 1518 877 1578; x_wconf 83' lang='lat' dir='ltr'>quorum</span> 
     </span>
     <span class='ocr_line' id='line_1_14' title="bbox 188 1574 876 1660; baseline 0 -22"><span class='ocrx_word' id='word_1_80' title='bbox 188 1595 255 1659; x_wconf 85' lang='lat' dir='ltr'>pars</span> <span class='ocrx_word' id='word_1_81' title='bbox 269 1579 364 1660; x_wconf 86' lang='lat' dir='ltr'>aliqua</span> <span class='ocrx_word' id='word_1_82' title='bbox 380 1581 411 1637; x_wconf 92' lang='lat' dir='ltr'>in</span> <span class='ocrx_word' id='word_1_83' title='bbox 424 1599 544 1638; x_wconf 89' lang='lat' dir='ltr'>omnem</span> <span class='ocrx_word' id='word_1_84' title='bbox 564 1574 788 1657; x_wconf 76' lang='lat' dir='ltr'>conjesiuralem</span> <span class='ocrx_word' id='word_1_85' title='bbox 800 1580 876 1638; x_wconf 80' lang='lat' dir='ltr'>inci·</span> 
     </span>
     <span class='ocr_line' id='line_1_15' title="bbox 189 1658 876 1721; baseline 0.003 -3"><span class='ocrx_word' id='word_1_86' title='bbox 189 1658 232 1718; x_wconf 90' lang='lat' dir='ltr'>dit</span> <span class='ocrx_word' id='word_1_87' title='bbox 250 1663 489 1721; x_wconf 87' lang='lat' dir='ltr'>controversiam.</span> <span class='ocrx_word' id='word_1_88' title='bbox 512 1659 581 1718; x_wconf 90' lang='lat' dir='ltr'>Hoc</span> <span class='ocrx_word' id='word_1_89' title='bbox 602 1674 699 1719; x_wconf 90' lang='lat' dir='ltr'>autem</span> <span class='ocrx_word' id='word_1_90' title='bbox 719 1658 751 1718; x_wconf 89' lang='lat'><strong>&amp;</strong></span> <span class='ocrx_word' id='word_1_91' title='bbox 769 1660 800 1717; x_wconf 92' lang='lat' dir='ltr'>in</span> <span class='ocrx_word' id='word_1_92' title='bbox 816 1659 876 1720; x_wconf 87' lang='lat' dir='ltr'>ho-</span> 
     </span>
     <span class='ocr_line' id='line_1_16' title="bbox 188 1738 875 1821; baseline 0.001 -23"><span class='ocrx_word' id='word_1_93' title='bbox 188 1760 253 1799; x_wconf 91' lang='lat' dir='ltr'>rum</span> <span class='ocrx_word' id='word_1_94' title='bbox 271 1741 405 1801; x_wconf 88' lang='lat' dir='ltr'>locorum</span> <span class='ocrx_word' id='word_1_95' title='bbox 426 1741 632 1821; x_wconf 77' lang='lat' dir='ltr'>expositione,</span> <span class='ocrx_word' id='word_1_96' title='bbox 655 1740 689 1800; x_wconf 87' lang='lat'>&amp;</span> <span class='ocrx_word' id='word_1_97' title='bbox 707 1738 737 1796; x_wconf 89' lang='lat' dir='ltr'>in</span> <span class='ocrx_word' id='word_1_98' title='bbox 756 1756 875 1801; x_wconf 83' lang='lat' dir='ltr'>cetero-</span> 
     </span>
     <span class='ocr_line' id='line_1_17' title="bbox 188 1821 875 1903; baseline 0.004 -23"><span class='ocrx_word' id='word_1_99' title='bbox 188 1840 275 1895; x_wconf 83' lang='lat' dir='ltr'>rum,</span> <span class='ocrx_word' id='word_1_100' title='bbox 294 1822 444 1903; x_wconf 83' lang='lat' dir='ltr'>oportebit</span> <span class='ocrx_word' id='word_1_101' title='bbox 461 1821 632 1895; x_wconf 87' lang='lat' dir='ltr'>attendere,</span> <span class='ocrx_word' id='word_1_102' title='bbox 651 1839 712 1880; x_wconf 91' lang='lat' dir='ltr'>non</span> <span class='ocrx_word' id='word_1_103' title='bbox 730 1839 833 1881; x_wconf 86' lang='lat' dir='ltr'>omnes</span> <span class='ocrx_word' id='word_1_104' title='bbox 844 1822 875 1884; x_wconf 91' lang='lat' dir='ltr'>in</span> 
     </span>
     <span class='ocr_line' id='line_1_18' title="bbox 189 1900 875 1965; baseline 0.004 -3"><span class='ocrx_word' id='word_1_105' title='bbox 189 1922 310 1963; x_wconf 91' lang='lat' dir='ltr'>omnem</span> <span class='ocrx_word' id='word_1_106' title='bbox 328 1901 439 1963; x_wconf 87' lang='lat' dir='ltr'>causam</span> <span class='ocrx_word' id='word_1_107' title='bbox 451 1906 620 1964; x_wconf 88' lang='lat' dir='ltr'>convenire.</span> <span class='ocrx_word' id='word_1_108' title='bbox 634 1900 677 1961; x_wconf 93' lang='lat' dir='ltr'>Ut</span> <span class='ocrx_word' id='word_1_109' title='bbox 693 1904 771 1961; x_wconf 92' lang='lat' dir='ltr'>enim</span> <span class='ocrx_word' id='word_1_110' title='bbox 785 1923 875 1965; x_wconf 83' lang='lat' dir='ltr'>omne</span> 
     </span>
     <span class='ocr_line' id='line_1_19' title="bbox 187 1983 876 2065; baseline 0.001 -23"><span class='ocrx_word' id='word_1_111' title='bbox 187 2002 298 2044; x_wconf 90' lang='lat' dir='ltr'>nomen</span> <span class='ocrx_word' id='word_1_112' title='bbox 315 2005 352 2045; x_wconf 84' lang='lat' dir='ltr'>ex</span> <span class='ocrx_word' id='word_1_113' title='bbox 366 1985 528 2065; x_wconf 87' lang='lat' dir='ltr'>aliquibus,</span> <span class='ocrx_word' id='word_1_114' title='bbox 546 2005 608 2043; x_wconf 92' lang='lat' dir='ltr'>non</span> <span class='ocrx_word' id='word_1_115' title='bbox 627 2003 664 2043; x_wconf 81' lang='lat' dir='ltr'>ex</span> <span class='ocrx_word' id='word_1_116' title='bbox 679 1983 814 2043; x_wconf 90' lang='lat' dir='ltr'>omnibus</span> <span class='ocrx_word' id='word_1_117' title='bbox 827 1984 876 2043; x_wconf 91' lang='lat' dir='ltr'>lit·</span> 
     </span>
     <span class='ocr_line' id='line_1_20' title="bbox 188 2062 875 2126; baseline 0.004 -4"><span class='ocrx_word' id='word_1_118' title='bbox 188 2067 256 2125; x_wconf 87' lang='lat' dir='ltr'>teris</span> <span class='ocrx_word' id='word_1_119' title='bbox 272 2064 421 2126; x_wconf 87' lang='lat' dir='ltr'>scribitur:</span> <span class='ocrx_word' id='word_1_120' title='bbox 436 2067 476 2123; x_wconf 85' lang='lat' dir='ltr'>sic</span> <span class='ocrx_word' id='word_1_121' title='bbox 495 2084 616 2123; x_wconf 86' lang='lat' dir='ltr'>omnem</span> <span class='ocrx_word' id='word_1_122' title='bbox 633 2065 663 2121; x_wconf 93' lang='lat' dir='ltr'>in</span> <span class='ocrx_word' id='word_1_123' title='bbox 681 2062 793 2123; x_wconf 87' lang='lat' dir='ltr'>causam</span> <span class='ocrx_word' id='word_1_124' title='bbox 812 2084 875 2126; x_wconf 90' lang='lat' dir='ltr'>non</span> 
     </span>
     <span class='ocr_line' id='line_1_21' title="bbox 189 2138 874 2227; baseline 0 -22"><span class='ocrx_word' id='word_1_125' title='bbox 189 2149 285 2205; x_wconf 90' lang='lat' dir='ltr'>omnis</span> <span class='ocrx_word' id='word_1_126' title='bbox 307 2159 544 2227; x_wconf 85' lang='lat' dir='ltr'>argumentorum</span> <span class='ocrx_word' id='word_1_127' title='bbox 565 2145 674 2223; x_wconf 88' lang='lat' dir='ltr'>copia,</span> <span class='ocrx_word' id='word_1_128' title='bbox 699 2138 749 2210; x_wconf 87' lang='lat' dir='ltr'>sed</span> <span class='ocrx_word' id='word_1_129' title='bbox 770 2163 874 2206; x_wconf 88' lang='lat' dir='ltr'>eorum</span> 
     </span>
     <span class='ocr_line' id='line_1_22' title="bbox 188 2221 875 2303; baseline 0.001 -20"><span class='ocrx_word' id='word_1_130' title='bbox 188 2224 342 2287; x_wconf 81' lang='lat' dir='ltr'>necessaria</span> <span class='ocrx_word' id='word_1_131' title='bbox 365 2245 431 2303; x_wconf 86' lang='lat' dir='ltr'>pars</span> <span class='ocrx_word' id='word_1_132' title='bbox 456 2222 551 2302; x_wconf 90' lang='lat' dir='ltr'>aliqua</span> <span class='ocrx_word' id='word_1_133' title='bbox 574 2224 741 2280; x_wconf 85' lang='lat' dir='ltr'>conveniet.</span> <span class='ocrx_word' id='word_1_134' title='bbox 766 2221 875 2285; x_wconf 81' lang='lat' dir='ltr'>Omnis</span> 
     </span>
     <span class='ocr_line' id='line_1_23' title="bbox 188 2298 875 2388; baseline -0.004 -23"><span class='ocrx_word' id='word_1_135' title='bbox 188 2308 292 2388; x_wconf 83' lang='lat' dir='ltr'>igitur,</span> <span class='ocrx_word' id='word_1_136' title='bbox 305 2306 450 2372; x_wconf 88' lang='lat' dir='ltr'>excausa,</span> <span class='ocrx_word' id='word_1_137' title='bbox 462 2320 499 2360; x_wconf 88' lang='lat' dir='ltr'>ex</span> <span class='ocrx_word' id='word_1_138' title='bbox 510 2298 650 2381; x_wconf 85' lang='lat' dir='ltr'>persona,</span> <span class='ocrx_word' id='word_1_139' title='bbox 664 2319 701 2358; x_wconf 89' lang='lat' dir='ltr'>ex</span> <span class='ocrx_word' id='word_1_140' title='bbox 711 2298 788 2361; x_wconf 53' lang='lat' dir='ltr'>fabio</span> <span class='ocrx_word' id='word_1_141' title='bbox 800 2301 875 2381; x_wconf 90' lang='lat' dir='ltr'>ipso,</span> 
     </span>
     <span class='ocr_line' id='line_1_24' title="bbox 189 2376 574 2463; baseline -0.021 -18"><span class='ocrx_word' id='word_1_142' title='bbox 189 2383 355 2463; x_wconf 71' lang='lat' dir='ltr'>conjesiura</span> <span class='ocrx_word' id='word_1_143' title='bbox 369 2380 510 2462; x_wconf 85' lang='lat' dir='ltr'>capienda</span> <span class='ocrx_word' id='word_1_144' title='bbox 522 2376 574 2440; x_wconf 90' lang='lat' dir='ltr'>est.</span> 
     </span>
    </p>

    <p class='ocr_par' dir='ltr' id='par_1_5' title="bbox 187 2457 874 3027">
     <span class='ocr_line' id='line_1_25' title="bbox 235 2457 873 2540; baseline -0.003 -19"><span class='ocrx_word' id='word_1_145' title='bbox 235 2483 281 2540; x_wconf 91' lang='lat'>17.</span> <span class='ocrx_word' id='word_1_146' title='bbox 300 2461 393 2524; x_wconf 88' lang='lat' dir='ltr'>Causa</span> <span class='ocrx_word' id='word_1_147' title='bbox 410 2459 581 2521; x_wconf 89' lang='lat' dir='ltr'>distribuitur</span> <span class='ocrx_word' id='word_1_148' title='bbox 595 2461 627 2518; x_wconf 93' lang='lat' dir='ltr'>in</span> <span class='ocrx_word' id='word_1_149' title='bbox 643 2457 873 2539; x_wconf 86' lang='lat' dir='ltr'>impulsionem,</span> 
     </span>
     <span class='ocr_line' id='line_1_26' title="bbox 191 2538 874 2622; baseline -0.003 -17"><span class='ocrx_word' id='word_1_150' title='bbox 191 2544 224 2605; x_wconf 91' lang='lat'>&amp;</span> <span class='ocrx_word' id='word_1_151' title='bbox 241 2547 271 2603; x_wconf 94' lang='lat' dir='ltr'>in</span> <span class='ocrx_word' id='word_1_152' title='bbox 288 2546 549 2605; x_wconf 85' lang='lat' dir='ltr'>ratiocinationem.</span> <span class='ocrx_word' id='word_1_153' title='bbox 566 2540 707 2621; x_wconf 88' lang='lat' dir='ltr'>Impulsio</span> <span class='ocrx_word' id='word_1_154' title='bbox 724 2538 788 2615; x_wconf 91' lang='lat' dir='ltr'>est,</span> <span class='ocrx_word' id='word_1_155' title='bbox 808 2563 874 2622; x_wconf 80' lang='lat' dir='ltr'>quae</span> 
     </span>
     <span class='ocr_line' id='line_1_27' title="bbox 189 2618 874 2706; baseline -0.003 -20"><span class='ocrx_word' id='word_1_156' title='bbox 189 2629 249 2686; x_wconf 86' lang='lat' dir='ltr'>sine</span> <span class='ocrx_word' id='word_1_157' title='bbox 262 2648 298 2686; x_wconf 88' lang='lat' dir='ltr'>co</span> <span class='ocrx_word' id='word_1_158' title='bbox 320 2629 439 2687; x_wconf 83' lang='lat' dir='ltr'>‘tatione</span> <span class='ocrx_word' id='word_1_159' title='bbox 455 2645 506 2706; x_wconf 89' lang='lat' dir='ltr'>per</span> <span class='ocrx_word' id='word_1_160' title='bbox 518 2623 674 2705; x_wconf 89' lang='lat' dir='ltr'>quamdam</span> <span class='ocrx_word' id='word_1_161' title='bbox 691 2618 874 2684; x_wconf 73' lang='lat' dir='ltr'>affesiionem</span> 
     </span>
     <span class='ocr_line' id='line_1_28' title="bbox 189 2647 873 2788; baseline -0.006 -20"><span class='ocrx_word' id='word_1_162' title='bbox 189 2710 276 2768; x_wconf 85' lang='lat' dir='ltr'>animi</span> <span class='ocrx_word' id='word_1_163' title='bbox 295 2647 391 2769; x_wconf 58' lang='lat' dir='ltr'>geere</span> <span class='ocrx_word' id='word_1_164' title='bbox 413 2706 521 2788; x_wconf 88' lang='lat' dir='ltr'>aliquid</span> <span class='ocrx_word' id='word_1_165' title='bbox 540 2705 694 2776; x_wconf 84' lang='lat' dir='ltr'>hortatur,</span> <span class='ocrx_word' id='word_1_166' title='bbox 714 2720 745 2762; x_wconf 92' lang='lat' dir='ltr'>ut</span> <span class='ocrx_word' id='word_1_167' title='bbox 764 2726 873 2779; x_wconf 91' lang='lat' dir='ltr'>amor,</span> 
     </span>
     <span class='ocr_line' id='line_1_29' title="bbox 187 2785 874 2870; baseline -0.003 -23"><span class='ocrx_word' id='word_1_168' title='bbox 187 2789 355 2861; x_wconf 85' lang='lat' dir='ltr'>iracundia,</span> <span class='ocrx_word' id='word_1_169' title='bbox 372 2788 534 2870; x_wconf 80' lang='lat' dir='ltr'>aegritudo,</span> <span class='ocrx_word' id='word_1_170' title='bbox 550 2786 732 2856; x_wconf 86' lang='lat' dir='ltr'>vinolentia,</span> <span class='ocrx_word' id='word_1_171' title='bbox 754 2785 787 2844; x_wconf 87' lang='lat'>&amp;</span> <span class='ocrx_word' id='word_1_172' title='bbox 804 2807 874 2845; x_wconf 89' lang='lat' dir='ltr'>om·</span> 
     </span>
     <span class='ocr_line' id='line_1_30' title="bbox 189 2865 874 2949; baseline -0.003 -23"><span class='ocrx_word' id='word_1_173' title='bbox 189 2872 259 2927; x_wconf 88' lang='lat' dir='ltr'>nino</span> <span class='ocrx_word' id='word_1_174' title='bbox 277 2872 396 2940; x_wconf 92' lang='lat' dir='ltr'>omnia,</span> <span class='ocrx_word' id='word_1_175' title='bbox 414 2872 443 2926; x_wconf 88' lang='lat' dir='ltr'>in</span> <span class='ocrx_word' id='word_1_176' title='bbox 459 2867 561 2949; x_wconf 92' lang='lat' dir='ltr'>quibus</span> <span class='ocrx_word' id='word_1_177' title='bbox 579 2868 688 2925; x_wconf 89' lang='lat' dir='ltr'>animus</span> <span class='ocrx_word' id='word_1_178' title='bbox 704 2868 743 2923; x_wconf 92' lang='lat' dir='ltr'>ita</span> <span class='ocrx_word' id='word_1_179' title='bbox 758 2865 874 2925; x_wconf 83' lang='lat' dir='ltr'>videtur</span> 
     </span>
     <span class='ocr_line' id='line_1_31' title="bbox 189 2946 873 3027; baseline -0.009 -18"><span class='ocrx_word' id='word_1_180' title='bbox 189 2947 305 3009; x_wconf 73' lang='lat' dir='ltr'>affesius</span> <span class='ocrx_word' id='word_1_181' title='bbox 317 2946 415 3021; x_wconf 85' lang='lat' dir='ltr'>fuisse,</span> <span class='ocrx_word' id='word_1_182' title='bbox 432 2966 465 3007; x_wconf 90' lang='lat' dir='ltr'>ut</span> <span class='ocrx_word' id='word_1_183' title='bbox 477 2969 539 3008; x_wconf 88' lang='lat' dir='ltr'>rem</span> <span class='ocrx_word' id='word_1_184' title='bbox 549 2946 709 3027; x_wconf 86' lang='lat' dir='ltr'>perspicere</span> <span class='ocrx_word' id='word_1_185' title='bbox 720 2964 786 3003; x_wconf 90' lang='lat' dir='ltr'>curn</span> <span class='ocrx_word' id='word_1_186' title='bbox 799 2965 873 3003; x_wconf 85' lang='lat' dir='ltr'>con·</span> 
     </span>
    </p>
   </div>
   <div class='ocr_carea' id='block_1_4' title="bbox 188 3023 873 3183">
    <p class='ocr_par' dir='ltr' id='par_1_6' title="bbox 188 3023 873 3183">
     <span class='ocr_line' id='line_1_32' title="bbox 188 3023 873 3163; baseline -0.009 -70"><span class='ocrx_word' id='word_1_187' title='bbox 188 3032 254 3093; x_wconf 79' lang='lat' dir='ltr'>silio</span> <span class='ocrx_word' id='word_1_188' title='bbox 276 3030 309 3092; x_wconf 71' lang='grc' dir='ltr'>ὅ(</span> <span class='ocrx_word' id='word_1_189' title='bbox 330 3049 397 3090; x_wconf 86' lang='lat' dir='ltr'>cura</span> <span class='ocrx_word' id='word_1_190' title='bbox 416 3049 477 3088; x_wconf 92' lang='lat' dir='ltr'>non</span> <span class='ocrx_word' id='word_1_191' title='bbox 496 3028 622 3110; x_wconf 83' lang='lat' dir='ltr'>potuerit</span> <span class='ocrx_word' id='word_1_192' title='bbox 636 3047 646 3099; x_wconf 91' lang='lat'>;</span> <span class='ocrx_word' id='word_1_193' title='bbox 662 3023 768 3163; x_wconf 62' lang='lat' dir='ltr'>&amp;Liti,</span> <span class='ocrx_word' id='word_1_194' title='bbox 791 3025 873 3105; x_wconf 89' lang='lat' dir='ltr'>quod</span> 
     </span>
     <span class='ocr_line' id='line_1_33' title="bbox 731 3125 750 3183; baseline 0 0"><span class='ocrx_word' id='word_1_195' title='bbox 731 3125 750 3183; x_wconf 73' lang='grc' dir='ltr'>ι1</span> 
     </span>
    </p>
   </div>
   <div class='ocr_carea' id='block_1_5' title="bbox 0 0 1204 4067">
    <p class='ocr_par' dir='ltr' id='par_1_7' title="bbox 0 0 1204 4067">
     <span class='ocr_line' id='line_1_34' title="bbox 0 0 1204 4067; baseline 0 0"><span class='ocrx_word' id='word_1_196' title='bbox 0 0 1204 4067; x_wconf 95' lang='lat' dir='ltr'> </span> 
     </span>
    </p>
   </div>
  </div>
 </body>
</html>
