2400 4067
457 474 758 544 onnon.
867 488 945 565 509
1012 478 1015 483 ’

261 587 364 671 quum,
379 607 441 647 non
453 592 617 670 inaquam?
632 592 796 672 tricipirem,
818 610 879 648 non
895 593 948 650 rri-

260 670 401 748 capitem?
412 671 564 749 concisum,
574 693 635 730 non
646 672 816 751 concaesum?
833 669 947 749 Exque

259 748 378 829 quidam
383 751 511 830 perrifirm
521 753 607 810 etiam
618 752 738 811 volunt:
752 749 832 832 quod
841 750 945 810 eadem

260 828 440 891 consuetudo
453 852 514 890 non
547 833 671 893 robavit.
703 831 787 911 Quid
802 832 876 890 verb
887 831 947 890 hoc

259 907 438 991 elegantius,
457 853 545 994 quug>
554 934 616 973 nou
628 911 661 973 fit
678 914 795 986 natura,
810 911 858 972 sed
872 932 948 991 quo-

258 987 329 1049 dam
341 987 467 1053 instituto
476 991 491 1068 ,ἓ
507 994 631 1074 inclytus
648 993 768 1052 dicimus
784 993 867 1052 brevi
882 994 946 1072 pria

258 1071 310 1130 ma
325 1071 439 1145 littera,
460 1071 575 1151 insanus
593 1073 751 1155 produffi:
780 1076 946 1134 inhumanus

257 1149 361 1226 brevi,
374 1153 473 1227 infelix
486 1154 585 1236 longa.
614 1153 670 1226 Et,
692 1175 730 1215 ne
746 1156 858 1227 multis,
875 1156 946 1236 qui-

258 1229 314 1290 bus
333 1235 364 1292 iu
379 1234 477 1294 verbis
490 1254 532 1294 eae
549 1237 649 1315 primae
662 1236 764 1295 litterae
781 1235 863 1308 sunt,
879 1255 948 1315 quae

258 1312 439 1393 infirpienre,
455 1331 541 1394 atque
547 1312 651 1395 filiae,
668 1315 807 1395 produ&
822 1316 943 1388 dicitur3

256 1393 288 1452 in
312 1395 414 1453 ceteris
438 1396 600 1468 omnibus,
636 1396 772 1455 breviter.
808 1395 946 1475 Itemque

257 1473 425 1553 compostae,
446 1476 606 1554 consuevit,
620 1479 794 1556 concrepuit,
810 1473 945 1554 confecit:

256 1552 375 1614 consule
392 1557 565 1630 veritatem,
581 1556 795 1636 reprehendet:
816 1555 893 1616 refer
904 1555 943 1616 ad

256 1655 359 1708 aures,
375 1635 549 1715 probabunt.
576 1636 705 1715 Quare,
718 1635 785 1694 cur?
804 1635 883 1696 irase
894 1634 945 1694 di·-

257 1732 326 1776 cent
341 1713 454 1794 juvari:
474 1716 618 1798 voluptati
634 1734 731 1778 autem
743 1717 853 1776 aurium
870 1737 943 1778 mu-

256 1797 376 1878 nigerari
389 1795 477 1856 debet
491 1796 597 1872 uratia,
694 1795 697 1801 ’
895 1794 898 1798 ’
937 1800 944 1826 '

303 1876 368 1937 160.
392 1876 475 1956 Quin
492 1899 550 1961 ego
569 1877 650 1960 ipse,
669 1899 763 1961 ,quum
779 1877 880 1940 scirem
900 1878 943 1940 ita

256 1953 384 2037 majores
397 1959 513 2018 locutos
527 1958 603 2034 effe,
620 1959 824 2043 utnusquam,
841 1961 894 2019 nisi
910 1963 948 2024 in-

256 2037 375 2112 v'ocali‚
399 2038 588 2120 adspiratione
606 2058 775 2115 uterentur,
801 2040 943 2121 loquebar

255 2120 318 2194 sic,
334 2136 367 2179 ut
398 2121 509 2194 ulcros,
524 2125 652 2202 (eugas,
666 2124 819 2199 triumpos,
840 2124 943 2180 Carta·

253 2202 344 2282 ginem
370 2141 524 2260 ‹siceremt
551 2201 726 2280 aliquando,
749 2201 837 2280 idque
856 2198 941 2274 seru,

256 2282 393 2341 convicio
409 2284 536 2352 aurium,
550 2302 638 2361 quum
654 2294 767 2341 extorta
783 2280 852 2338 mihi
860 2282 942 2339 veri·

255 2378 301 2421 tas
311 2360 401 2436 effer,
421 2361 500 2421 usum
511 2361 650 2442 loquendi
664 2361 775 2443 populo
789 2361 941 2434 concessi,

253 2440 400 2503 scientiam
411 2443 481 2502 mihi
493 2441 648 2502 reservavi.
675 2443 803 2503 Orcivios
821 2458 940 2515 tamen,

257 2523 291 2582 &
304 2527 437 2584 Marones
445 2569 458 2595 ‚
475 2527 597 2595 Omnes,
618 2527 754 2603 Caepiones
764 2568 777 2594 ,
789 2522 916 2603 scpulcra
929 2567 941 2597 ,

250 2618 391 2675 coronas,
408 2606 546 2683 lacrymas
563 2605 704 2677 dicimus,
732 2605 797 2684 quia
815 2624 867 2687 per
886 2624 941 2662 au-

254 2685 329 2743 rium
337 2680 474 2762 judicium
483 2682 595 2766 semper
606 2686 681 2745 licet.
701 2687 819 2745 Burrum
826 2683 940 2764 semper

255 2762 388 2837 Ennius,
404 2786 561 2846 numquam
578 2769 722 2843 Pyrrhum.
754 2769 790 2828 Vi
800 2764 940 2846 patefece-

255 2863 321 2904 runt
337 2845 463 2926 Bruges,
483 2867 544 2906 non
558 2848 700 2926 Phryges,
724 2848 810 2925 ipsius
829 2848 939 2924 antiqui

256 2923 402 2983 declarant
420 2927 494 2986 libri.
523 2925 587 2986 Nec
612 2928 690 2986 enim
709 2923 843 2984 Graecam
858 2926 939 2985 litte·

252 3025 318 3068 ram
327 3004 524 3071 adhibebant:
547 3009 825 3067 nuncautemenan
845 3006 938 3068 duas:

739 3083 767 3148 Y
786 3083 817 3166 iij

813 3480 930 3591 Ἀ
