2400 4067
611 829 734 880 AD
787 808 1320 878 HERENNIUM
1369 806 1452 876 L.
1503 805 1667 875 III.
1769 826 1872 899 79

486 932 667 979 borum
700 928 926 996 imagines
958 941 1260 993 comparare.
1287 925 1589 990 Quantulum
1622 927 1749 977 enim
1784 945 1872 995 po·

492 1015 664 1053 terunt
697 1003 799 1052 haec
835 1002 1001 1051 valere
1033 1033 1062 1061 ‚›
1100 1016 1246 1066 quum
1289 1016 1353 1049 ex
1390 998 1575 1049 infinita
1611 1001 1871 1052 verborum

494 1077 637 1142 copia
659 1110 674 1135 ,
708 1073 854 1126 modo
885 1075 1015 1124 aliud
1041 1108 1056 1133 ,
1084 1068 1235 1122 modo
1258 1072 1389 1124 aliud
1422 1090 1514 1122 nos
1547 1075 1747 1124 verbum
1774 1092 1875 1125 me-

487 1149 669 1200 miniffe
700 1146 995 1216 oportebit?
1034 1147 1234 1197 Deinde
1271 1163 1359 1197 cur
1382 1149 1608 1197 volumus
1642 1147 1701 1196 ab
1736 1147 1877 1199 indu·

485 1223 595 1273 stria
629 1240 915 1291 quemquam
950 1237 1210 1272 removere
1235 1253 1250 1279 ,
1287 1233 1345 1271 ut
1374 1236 1436 1271 ne
1468 1221 1582 1287 quid
1609 1219 1712 1286 ipse
1749 1238 1876 1287 quae·

486 1310 565 1347 rat
593 1331 607 1356 ‚
662 1314 807 1364 quum
848 1296 920 1346 illi
961 1295 1121 1345 omnia
1159 1307 1325 1361 parata
1367 1295 1664 1361 quaesitaque
1709 1295 1878 1344 trada-

484 1387 591 1421 mus
613 1369 640 1419 Ρ
677 1370 921 1422 Praeterea
949 1369 1261 1420 similitudine
1290 1367 1384 1418 alia
1406 1369 1525 1419 alius
1555 1368 1705 1436 magis
1739 1385 1874 1418 com-

484 1457 733 1495 movetur.
777 1446 901 1494 Nam
934 1455 989 1493 ut
1022 1443 1147 1508 saepe
1184 1442 1388 1492 formam
1416 1442 1457 1492 si
1488 1459 1630 1508 quam
1665 1441 1870 1492 similem

486 1519 693 1584 cuipiam
724 1518 981 1568 dixerimus
1018 1515 1113 1567 effe
1137 1550 1154 1575 ‚
1195 1533 1296 1566 non
1326 1531 1495 1566 omnes
1525 1516 1758 1566 habemus
1795 1533 1867 1566 as-

486 1590 706 1641 sensores
731 1625 748 1652 ‚
788 1589 919 1657 quod
949 1591 1029 1640 alii
1060 1589 1255 1640 videtur
1289 1589 1421 1639 aliud
1443 1607 1463 1648 3
1497 1588 1563 1639 ita
1589 1587 1646 1640 fit
1677 1589 1725 1638 in
1755 1590 1874 1639 ima·

487 1665 677 1732 ginibus
701 1698 718 1719 ,
749 1676 805 1712 ut
828 1698 843 1722 ,
880 1680 985 1728 quae
1016 1662 1155 1711 nobis
1187 1663 1444 1728 diligenter
1467 1674 1598 1711 notae
1629 1662 1725 1712 sint
1743 1697 1758 1721 ,
1796 1680 1868 1713 eae

491 1753 663 1803 parum
693 1734 950 1785 videantur
977 1734 1188 1801 insignes
1226 1735 1347 1784 aliis.
1385 1733 1552 1797 Quare
1583 1734 1672 1783 sibi
1706 1752 1869 1801 quem·

494 1826 592 1875 que
626 1809 709 1858 suo
746 1807 1003 1858 commodo
1039 1807 1271 1856 convenit
1301 1806 1533 1874 imagines
1568 1823 1871 1874 comparare.

492 1879 741 1933 Postremo
776 1881 1088 1947 praeceptoris
1111 1880 1177 1931 est
1212 1880 1392 1931 docere
1416 1915 1432 1940 ,
1469 1881 1869 1948 quemadmodum

488 1956 646 2023 quaeri
675 1956 884 2023 quidque
917 1954 1174 2005 conveniat
1197 1988 1213 2012 ,
1249 1954 1300 2005 &
1329 1970 1475 2004 unum
1512 1954 1709 2021 aliquod
1731 1989 1745 2014 ‚
1782 1969 1866 2006 aut

487 2031 694 2079 alterum
716 2062 731 2088 ,
776 2046 875 2080 non
912 2028 1069 2078 omnia
1100 2061 1115 2087 ,
1155 2045 1265 2094 quae
1300 2027 1406 2094 ejus
1445 2028 1637 2096 generis
1676 2043 1818 2079 erunt
1852 2062 1868 2089 ,

486 2104 700 2170 exempli
730 2105 873 2154 causa
897 2102 1132 2168 subjicere
1154 2136 1169 2161 ,
1208 2099 1305 2168 quo
1336 2119 1414 2151 res
1441 2103 1596 2169 possit
1619 2102 1712 2153 effe
1746 2103 1868 2152 dilu-

487 2178 645 2229 cidior
672 2192 687 2230 ε
717 2189 770 2227 ut
792 2195 935 2244 quum
971 2177 1031 2225 de
1070 2176 1316 2242 prooemiis
1350 2176 1621 2241 quaerendis
1651 2177 1871 2244 disputa-

488 2268 595 2302 mus
617 2286 631 2311 ,
663 2252 901 2302 rationem
926 2251 1087 2300 damus
1114 2249 1392 2316 quaerendi,
1427 2266 1525 2298 non
1546 2250 1674 2299 mille
1700 2268 1869 2318 prooe-

487 2326 693 2376 miorum
731 2342 910 2394 genera
949 2324 1330 2382 conscribimus3
1373 2323 1440 2373 ita
1479 2323 1764 2375 arbitramur
1802 2327 1865 2375 de

487 2398 770 2466 imaginibus
794 2398 898 2448 fieri
924 2398 1209 2448 convenire.

564 2473 761 2522 XXIV.
787 2474 930 2521 Nunc
952 2505 967 2530 ,
1003 2489 1065 2522 ne
1097 2470 1228 2521 forte
1250 2472 1512 2521 verborum
1542 2470 1821 2521 memoriam
1850 2503 1869 2528 ,

488 2556 575 2594 aut
603 2544 740 2592 nimis
766 2542 1009 2592 difficilem
1033 2577 1049 2600 ,
1083 2557 1167 2592 aut
1193 2560 1363 2607 parum
1391 2544 1557 2592 utilem
1580 2545 1826 2593 arbitreris
1853 2577 1870 2600 ,

493 2616 545 2666 &
570 2615 773 2679 ipsarum
801 2614 1034 2662 memoria
1057 2629 1220 2660 rerum
1249 2625 1507 2662 contentus
1535 2615 1600 2662 sis
1619 2647 1633 2672 ,
1662 2615 1792 2680 quod
1818 2617 1870 2664 δε

491 2689 714 2738 utiliores
747 2687 842 2736 sint
867 2720 881 2744 ,
921 2687 971 2736 &
993 2686 1100 2750 plus
1131 2684 1345 2731 habeant
1377 2683 1621 2733 facilitatis
1644 2700 1664 2741 3
1699 2685 1877 2733 admo-

490 2761 679 2812 nendus
702 2777 794 2818 es,
828 2775 976 2826 quare
995 2759 1256 2807 verborum
1276 2755 1554 2805 memoriam
1575 2772 1674 2806 non
1693 2756 1873 2820 impro-

488 2837 677 2886 bemus.
710 2835 835 2883 Nam
870 2845 1091 2898 putamus
1126 2842 1360 2897 oportere
1385 2862 1400 2887 ,
1439 2845 1525 2879 eos
1550 2862 1564 2886 ‚
1603 2829 1685 2893 qui
1715 2830 1875 2881 velint

489 2926 569 2960 res
600 2909 847 2959 faciliores
872 2907 977 2956 sine
1011 2906 1180 2956 labore
1215 2903 1266 2955 δι
1288 2900 1499 2952 molestia
1535 2900 1675 2952 facil-f:
1728 2952 1737 2956 ,
1852 2923 1856 2930 ’

488 2980 603 3033 niffe
628 3015 642 3040 ‚
674 2982 721 3030 in
751 2983 895 3031 rebus
917 2977 1263 3030 difficilioribus
1291 2976 1383 3029 effe
1407 2976 1515 3024 ante
1551 2989 1729 3043 exet-7·

489 3056 599 3106 Nec
630 3072 717 3105 nos
738 3056 861 3104 hanc
884 3055 1143 3105 verborum
1164 3052 1441 3103 memoriam
1471 3048 1583 3100 indu

490 3127 657 3177 versus
686 3126 945 3178 meminisse
978 3128 1217 3193 possimus
1241 3159 1257 3184 ,
1299 3124 1379 3174 sed
1411 3136 1467 3172 ut
1495 3124 1605 3175 hac*
1654 3124 1658 3130 '

491 3203 669 3258 tione,
709 3201 790 3249 illa
808 3217 967 3250 rerum
996 3199 1227 3250 memoria
1252 3231 1268 3258 ,
1305 3216 1411 3266 φατὲ
1443 3214 1575 3268 par*
1605 3237 1606 3240 η

492 3276 717 3329 litatem,
759 3271 1110 3332 confirmetur-3
1145 3285 1201 3322 ut
1235 3273 1294 3321 ab
1326 3274 1413 3321 hae
1484 3269 1599 3316 *ῗῑυῑῗ

492 3347 662 3400 tudine
705 3344 808 3395 sine
850 3345 1014 3398 labore
1054 3348 1116 3396 ad
1157 3346 1289 3397 illam
1330 3344 1515 3396 fat-iliu
1555 3355 1601 3386 i‘

481 3418 748 3486 possimus.
1511 3414 1559 3464 1)
1602 3416 1614 3459 l
