2400 4067
373 456 422 528 80
485 458 955 525 uarrorrcoannr

408 594 454 640 40.
468 578 516 627 Sed
528 593 600 643 quum
612 577 636 625 in
651 574 715 625 omni
731 577 851 643 disciplina
867 575 967 627 infirma
982 575 1020 627 est
1035 591 1068 629 an

371 651 403 705 tis
410 652 547 718 'praeceptio
558 651 610 699 sine
621 649 709 699 summa
718 649 857 701 assiduitate
869 650 1068 718 exercitationis,

371 737 423 777 tum
439 722 499 776 verd
514 727 538 775 in
553 725 712 800 paupertatis
722 722 841 774 minimum
855 726 927 774 valet
941 725 1068 782 unatim,

372 800 420 851 nisi
432 799 544 850 industrii
553 835 569 874 ,)
580 803 656 852 studio
668 835 676 860 ,
693 799 795 854 labore,
811 796 945 864 diligentie
957 815 1068 865 compro

373 873 454 923 betur.
472 873 552 938 Quam
566 877 682 942 plurimos
698 875 769 922 locos
779 883 807 920 ut
821 871 912 921 habeas
926 903 940 930 ,.
956 873 985 922 &
1003 877 1068 939 quin

374 946 476 997 maximd
494 948 524 996 ad
539 961 664 1016 precepta
680 944 895 1002 accommodatos,
921 961 1020 996 curare.
1035 946 1068 996 de

374 1021 452 1071 bebis.
471 1021 499 1071 ln
509 1021 651 1090 imaginibus
667 1018 816 1071 collocandis
832 1020 950 1068 exerceri
963 1020 1068 1086 quotidie

375 1093 517 1147 conveniet.
535 1097 593 1146 Non
606 1096 669 1146 enim
684 1095 746 1144 sicut
761 1109 774 1139 a
791 1091 880 1140 ceteris
897 1089 986 1144 studiis
1003 1095 1068 1144 abdu

377 1167 650 1235 cimurnonnutnquam
669 1165 853 1232 occupatione,
875 1164 912 1214 ita
931 1168 964 1217 ab
984 1168 1032 1216 hac
1049 1182 1068 1217 rt

376 1257 422 1293 nos
440 1241 519 1306 potest
537 1244 606 1293 causa
626 1240 748 1291 deducere
767 1239 854 1302 aliqua.
877 1238 1025 1306 Numquam
1042 1239 1068 1291 el

377 1315 441 1363 enim
454 1348 461 1374 ‚
480 1315 538 1381 quin
549 1315 639 1383 aliquid
654 1313 776 1364 memoria
788 1312 886 1362 tradere
900 1314 1068 1372 velimus-,dt

377 1399 431 1439 turn
447 1389 571 1450 marinna,
589 1407 662 1457 quum
677 1389 759 1454 aliquo
777 1383 869 1450 majore
887 1387 1000 1455 negotio
1016 1387 1068 1437 deu

378 1478 473 1525 nemur.
492 1463 577 1527 Quare
594 1461 713 1531 quamsit
731 1460 810 1518 utile,
832 1457 905 1515 facile
920 1460 1068 1521 meminisse

380 1551 430 1585 non
447 1548 473 1585 te
491 1538 573 1595 fallit,
594 1537 659 1603 quod
677 1546 805 1599 tantopere
824 1532 886 1581 utile
906 1535 940 1583 sit
955 1548 1068 1602 „quantt

380 1610 466 1658 labore
484 1609 515 1660 sit
532 1610 693 1678 appetendum
707 1624 716 1658 t
728 1607 793 1673 quod
807 1605 900 1670 poteris
918 1607 1068 1664 existimate1

381 1683 487 1733 utilitate
505 1684 609 1753 cogniti.
628 1682 738 1733 Pluribus
754 1679 835 1730 verbis
854 1679 884 1728 ad
902 1695 960 1731 eam
979 1694 1007 1733 te
1022 1683 1068 1732 hot·

381 1757 429 1807 tari
445 1773 494 1804 non
509 1757 542 1807 est
556 1756 692 1813 sententia,
708 1770 738 1804 ne
755 1764 796 1802 aut
812 1765 840 1801 tu
855 1751 961 1814 nostro,
979 1769 1023 1807 ant
1036 1772 1068 1806 nu

382 1841 428 1882 tuo
441 1827 518 1878 studio
534 1827 625 1887 diffisi3
640 1841 681 1877 aut
696 1824 790 1884 minus,
809 1828 880 1892 quim
895 1842 937 1876 tes
957 1830 1062 1895 postulat

384 1899 466 1951 dixisse
480 1902 613 1951 videamur.
630 1901 671 1951 De
687 1900 768 1966 quinta
780 1911 848 1964 parte
862 1898 1003 1955 rhetorice
1015 1904 1068 1967 ‚dein

386 1990 444 2039 ceps
456 1973 582 2034 dicemus,
598 1988 625 2026 tu
636 1974 721 2041 primas
737 1973 841 2039 quasque
856 1986 940 2036 partes
959 1977 987 2027 in
1003 1978 1068 2029 afficti

385 2047 532 2112 frequenta,
550 2050 604 2106 .&‚
623 2048 688 2115 quod
702 2045 805 2099 maxime
820 2044 918 2099 neccsse
935 2049 999 2114 est,
1015 2066 1068 2105 exet

386 2120 503 2179 citatione
517 2120 645 2177 confirma.
1023 2123 1025 2127 ¹
