2400 4067
312 495 605 560 Rnuronlcr
632 496 732 560 ΜΒ.
760 498 813 562 II.
865 496 942 586 267

252 625 392 681 naretur,
408 605 472 667 fieri
488 605 598 668 necesse
613 605 691 680 effe,
711 610 848 689 quoniam
865 608 942 668 &id

254 687 348 746 eausae
374 686 580 769 subscriptum,
607 688 752 748 &exea
777 708 808 748 te
832 709 942 749 nomen

262 786 341 828 extra
369 769 501 828 ordinem
531 770 566 827 sit
593 785 751 849 acceptum.
792 767 836 828 Et
862 771 868 783 '
891 771 944 827 'tur

261 850 349 930 poenti
366 851 389 907 si
404 847 481 926 paffici
499 868 581 908 reum
599 870 660 908 non
679 865 834 930 oporteat,
881 869 944 908 am·

262 933 323 989 nari
340 951 456 1011 quoque
482 951 541 989 non
568 946 728 1011 oportere,
754 933 890 1012 quoniam
910 950 945 991 ea

261 1032 349 1090 poena
374 1010 589 1070 damnationem
609 1007 760 1070 necessario
786 1008 945 1091 consequa-

259 1108 315 1151 tur.
340 1091 397 1149 Hic
417 1089 552 1150 defensor
571 1111 664 1171 poenae
686 1088 944 1150 commutationem

261 1192 298 1231 ex
321 1169 484 1230 transsative
527 1191 613 1230 enere
636 1169 824 1244 inducendo,
851 1187 959 1231 totam·

259 1250 415 1310 infirmabit
433 1272 500 1310 accu
542 1252 649 1311 'onem
671 1250 881 1312 Verumtamen
896 1272 945 1312 ce-

255 1335 327 1391 teris
346 1352 461 1412 quoque
483 1331 645 1390 criminibus
664 1331 852 1391 defendendis
873 1354 945 1391 con-

255 1410 390 1493 <jerunt
410 1408 611 1471 constitutione
632 1410 846 1472 transsationem
870 1432 950 1472 con-¹

263 1491 396 1552 firmabit.
928 1537 932 1542 .

226 1586 228 1588 ·
304 1572 373 1631 XX.
393 1569 569 1652 Exemplum
593 1587 689 1630 autem
711 1550 897 1632 mandationis
917 1573 947 1632 in

259 1652 436 1712 causanobis
452 1653 579 1733 positum
592 1655 627 1711 sit
642 1649 805 1724 huiusmodi
821 1652 946 1734 :Quum

263 1734 300 1793 ad
322 1738 384 1794 vim
405 1732 566 1793 faciendam
585 1733 703 1815 quidam
726 1734 827 1807 armati
848 1737 947 1795 venis-

259 1813 347 1889 sent,
374 1815 475 1875 a‘nnati
501 1814 602 1873 contri
626 1811 727 1894 praesto
751 1813 887 1890 fuerunt,
915 1817 947 1876 δι
984 1879 987 1883 ,

260 1896 375 1954 cuidam
388 1897 478 1977 equiti
494 1894 632 1954 Romano
648 1894 765 1976 quidam
780 1916 816 1954 ex
828 1899 948 1955 armatis

259 1975 426 2047 resistenti,
449 1975 550 2058 gladio
573 1997 691 2034 manum
733 1976 848 2036 raecidit.
875 1976 948 2059 Agit

259 2060 311 2130 is,
342 2059 388 2116 cui
415 2077 515 2114 manus
540 2055 655 2136 praecisa
681 1999 744 2129 eid,
766 2058 776 2107 Γ
798 2054 947 2136 juriarum.

264 2135 391 2198 Postulat
402 2139 448 2209 is,
465 2137 580 2216 quicum
593 2139 707 2217 agitur,
722 2153 740 2194 a
756 2153 880 2216 praetore
896 2158 950 2198 ex·

257 2221 455 2299 ceptionem,
480 2217 576 2272 Extra
594 2217 680 2297 qudm
701 2217 730 2272 in
750 2237 824 2275 reum
847 2221 949 2300 capitis

261 2296 452 2382 prejudicium
464 2297 530 2372 fiat.

309 2379 358 2436 6o.
380 2375 437 2434 Hic
455 2378 504 2447 is,
525 2374 575 2455 qui
592 2375 672 2454 agit,
692 2369 830 2450 judicium
845 2395 949 2454 putum

264 2456 399 2539 postulat.
424 2455 503 2527 llle,
525 2457 639 2534 quicum
658 2456 771 2539 agitur,
798 2458 950 2537 exceptio-

268 2559 337 2597 nem
352 2536 420 2596 addi
436 2539 474 2596 ait
492 2551 641 2615 oportere.
663 2531 793 2614 Quaestio
805 2532 870 2610 est,
890 2535 951 2596 'Ex-

265 2617 503 2699 eipiendumsit,
520 2638 556 2675 an
569 2637 641 2676 non.
658 2613 745 2674 Ratio
760 2660 768 2688 ‚
786 2615 856 2676 Non
870 2619 949 2678 enim

267 2715 409 2780 oportet,
436 2701 465 2756 in
489 2699 702 2778 recuperatorio
728 2695 859 2773 judicio,
887 2696 949 2778 ejus

264 2779 429 2851 maleficii,
460 2779 498 2837 de
522 2800 581 2859 quo
608 2781 680 2838 inter
706 2780 818 2837 sicarios
844 2782 950 2859 quaeri-

265 2877 336 2932 tur,
379 2856 553 2932 raeiudicium
574 2857 644 2917 fieri.
672 2856 831 2918 infirmatio
856 2862 949 2918 ratio-

268 2942 330 3010 nis‚
352 2881 500 3016 {jusmodi
516 2937 579 2996 sunt
596 2937 727 3016 injuriae,
744 2954 776 2996 ut
793 2938 829 2996 de
846 2938 888 2996 his
906 2941 950 2997 in-

264 3020 387 3103 dignum
410 3021 445 3078 sit
468 3039 529 3077 non
552 3019 647 3098 primo
673 3038 788 3098 quoque
815 3020 950 3099 tenipore

733 3094 829 3176 *Mij
