2400 4067
384 522 461 593 214
511 505 584 573 Dr
618 505 948 573 lummene

309 660 312 670 .
381 614 437 676 esse
453 616 633 698 oportet.·In
654 620 721 678 loco
740 617 846 677 celebri
865 618 960 677 homo
984 616 1068 680 occidi

381 699 431 777 qui
451 702 544 779 potuit
559 698 569 757 ?
586 697 649 758 Aut
661 701 683 758 si
700 697 751 771 id,
766 700 846 779 quod
864 699 930 758 raro
948 695 1002 773 fit,
1015 695 1068 762 fieri

381 782 503 838 omnino
523 799 559 839 ne
582 795 643 839 atur
664 799 673 854 3
695 794 727 837 ut
749 776 839 839 Curio
862 800 917 859 pro
940 779 1068 840 Fulvio:

381 855 480 918 Nemo
491 800 585 939 potes
598 880 658 918 uno
675 856 934 941 adspeiiu,neque
949 877 1068 941 praeter-

381 940 463 1011 iens,
481 943 510 998 in
530 959 662 1000 amorem
679 938 814 1000 incidere.

421 1017 470 1079 81.
492 1018 586 1158 (puod
609 1037 707 1079 autern
731 1042 785 1100 pro
812 1022 895 1103 signo
920 1018 1067 1097 sumetur,

379 1095 410 1156 id
437 1119 473 1158 ex
494 1100 593 1160 iidem
615 1101 711 1173 locis,
735 1099 834 1181 quibus
859 1098 1067 1177 confirmatur,

379 1176 575 1239 infirmabitur.
595 1180 674 1239 Nanr
693 1182 722 1238 in
743 1183 847 1264 signo,
870 1183 1001 1261 primum
1017 1203 1068 1244 ve·

378 1280 443 1317 turn
458 1257 513 1321 effe
531 1258 643 1321 ostendi
658 1277 776 1341 oportet
793 1283 799 1320 :
817 1261 923 1322 deinde
935 1257 1003 1343 'ejus
1016 1261 1068 1324 effe

377 1342 419 1398 rei
440 1341 553 1423 signum
572 1344 741 1423 proprium,
764 1363 820 1423 qua
841 1341 877 1401 de
901 1362 933 1403 re
953 1345 1066 1426 agitur,

377 1435 409 1481 ut
432 1442 565 1483 cruorem
588 1422 673 1483 caedis
695 1422 833 1491 :deinde
855 1420 966 1481 sedium
988 1419 1065 1498 effe,

377 1497 457 1580 quod
480 1524 541 1561 non
564 1505 724 1584 oportuerit
747 1524 756 1575 ;
779 1519 908 1563 autnon
932 1500 1064 1579 fabium,

417 1581 458 1640 od
481 1586 673 1663 oportuerit:
701 1581 847 1671 postremo
870 1580 948 1642 scisse
974 1604 1062 1660 eum,

376 1601 415 1722 dd
434 1684 490 1743 qua
512 1667 664 1745 quaeritur‚
681 1683 743 1742 ejus
760 1666 801 1722 rei
822 1662 918 1743 legem
939 1663 975 1722 &
992 1685 1063 1723 con·

375 1740 555 1803 suetudinem
573 1766 580 1803 ε
597 1764 665 1801 nant
680 1762 721 1802 eae
739 1761 784 1801 res
802 1738 862 1800 sunt
878 1744 965 1822 signo
985 1747 1062 1804 attri-

374 1821 471 1897 butae,
495 1844 564 1905 quas
587 1824 635 1882 dili
655 1823 745 1882 entius
769 1824 947 1901 aperiemus,
975 1843 1060 1903 quun

373 1902 522 1984 separatim
540 1902 577 1962 de
594 1843 654 1982 ipsi
670 1898 853 1980 conjediurali
871 1898 1058 1964 constitutio·

374 2004 410 2043 ne
425 1983 559 2042 dicemus.
577 1981 656 2064 Ergo
668 1982 773 2040 horum
786 1980 1021 2062 unumquodque
1033 1987 1057 2044 iu

372 2064 609 2143 reprehensione,
624 2078 745 2120 autnon
759 2057 815 2121 effe
829 2062 911 2141 signo
924 2104 933 2135 ,
946 2079 1000 2121 aut
1032 2085 1057 2123 a·

372 2163 435 2202 rum
457 2161 565 2200 niano
588 2139 664 2216 esse,
683 2158 730 2201 aut
751 2138 810 2200 ase
829 2141 950 2220 potius,
973 2163 1055 2224 quarn

372 2222 408 2282 ab
423 2161 586 2281 adversariis
599 2220 692 2294 stare,
706 2236 753 2279 aut
763 2223 882 2279 omnino
893 2218 971 2299 falso
985 2223 1054 2296 dici,

372 2319 420 2362 aut
435 2305 465 2361 in
474 2301 558 2361 aliam
567 2322 682 2384 quoque
696 2299 882 2382 suspicionem
898 2300 966 2361 duci
978 2302 1054 2385 posse

373 2380 620 2445 demonstrabitur.

414 2461 539 2523 XLIV.
562 2463 664 2542 Quum
683 2478 778 2522 autem
795 2462 1054 2544 procomparabiii

371 2544 475 2624 aliquid
488 2542 664 2615 inducetur,
682 2546 819 2622 quoniam
837 2541 867 2600 id
883 2564 937 2623 per
956 2543 1052 2604 simili-

369 2624 500 2682 tudinem
522 2623 646 2680 maxime
670 2621 822 2696 traiiatur,
843 2623 873 2681 in
894 2624 1051 2704 reprehen-

370 2702 468 2761 dendo
494 2703 649 2760 conveniet
671 2701 761 2761 simile
784 2702 813 2760 id
837 2722 944 2785 negare
973 2704 1050 2780 effe,

410 2782 451 2841 od
478 2779 665 2855 conferetur,
690 2783 716 2841 ei
740 2784 854 2862 quicum
877 2783 1050 2846 conferetur.

367 2802 485 2921 sdfieri
504 2864 630 2941 poterit,
652 2863 674 2919 si
697 2861 936 2923 demonstrabitur
957 2865 1051 2927 diver·

370 2940 431 3001 sum
446 2940 501 3003 effe
514 2962 636 3025 genere,
650 2943 766 3015 notari,
776 2945 824 3017 vi,
838 2946 1050 3026 magnitudine,

368 3038 527 3110 tempore,
546 3023 638 3100 loco,
661 3022 782 3106 personti
796 3066 811 3099 ‹,
830 3027 973 3110 opinione
994 3048 1004 3103 ;
1023 3047 1052 3088 at
