2400 4067
402 459 450 536 88
512 464 988 543 Rngtronrconvnt
1016 518 1032 540 .,

398 599 448 634 non
458 595 544 651 putant
554 584 608 634 sore
618 583 746 633 ridiculum
756 614 764 640 ‚
776 581 796 632 si
806 612 814 640 ‚
830 598 904 648 quum
918 581 948 631 id
958 579 1068 650 pollicet

397 669 440 707 tur
453 659 526 717 aliis,
542 659 651 708 arescant
662 657 707 722 ipsi
716 654 834 705 siccitate.
847 655 946 706 Chares
959 674 974 705 a
986 655 1068 724 Lysip]

397 729 486 784 statuas
499 733 581 782 facere
600 747 649 780 non
661 729 704 780 isio
717 728 791 779 modo
809 728 916 789 didicit,
926 743 958 780 ut
974 729 1068 798 Lysipp

397 817 472 872 caput
492 804 631 856 ostenderet
649 802 782 870 Myronis,
806 801 906 852 brachia
936 801 1068 854 Praxitelis

397 878 482 943 pestus
497 877 641 946 Polycleti:
657 876 698 927 sed
711 876 790 928 omnia
803 878 885 926 cosdro
901 876 1068 944 magistrianis

396 952 503 1002 cientem
516 951 634 1009 videbat,
653 962 790 1002 ceterorum
801 965 877 1016 opera
886 951 933 1000 vel
945 949 993 1002 sud
1013 951 1068 1018 spon

396 1025 551 1077 considerare
566 1035 674 1091 poterat.

432 1098 496 1152 vll.
508 1097 546 1148 isti
558 1099 662 1148 credunt
672 1132 683 1156 ,
694 1113 757 1157 eos,
770 1097 811 1164 qui
821 1097 873 1148 iiaec
882 1096 970 1148 veiint
981 1098 1068 1151 discen

396 1169 444 1222 alit
458 1172 555 1222 ratione
570 1172 654 1221 doceri
667 1171 733 1238 posse
743 1168 903 1224 commodiiis.
923 1170 1068 1224 Praetereai

396 1243 492 1312 possunt
506 1245 604 1312 quidem
621 1261 668 1303 ea,
689 1262 742 1310 quae
759 1244 884 1295 sumuntur
895 1245 928 1294 ab
940 1245 1000 1298 aliis
1017 1264 1068 1298 exer

394 1319 454 1384 pla,
473 1330 523 1369 tam
538 1317 585 1370 esse
599 1318 781 1368 accommodata
791 1318 822 1367 ad
838 1329 937 1378 artem,
958 1323 1068 1388 qudmpr

395 1391 608 1459 pria3propterea
618 1388 688 1459 *quod
707 1392 732 1442 in
746 1391 850 1442 dicendo
864 1390 962 1443 ieviter
971 1395 1068 1462 uosssqti

395 1482 445 1531 que
465 1467 534 1518 iocus
548 1469 691 1533 pierumque
711 1465 837 1532 tangitur,
857 1481 889 1515 ne
907 1481 953 1517 ars
968 1484 1068 1535 apparet

394 1537 426 1589 ln
436 1540 601 1608 precipiendo
612 1536 724 1605 expresse
734 1539 870 1604 conscripta
880 1555 984 1604 ponere
995 1554 1068 1609 oport

394 1614 523 1679 exempla,
535 1615 597 1664 utin
608 1613 666 1663 artis
676 1612 776 1662 sormam
788 1612 923 1663 convenire
935 1609 1056 1681 possint:
1066 1641 1068 1660 t

395 1683 448 1752 post
458 1686 483 1737 in
495 1688 600 1738 dicendo
611 1721 619 1746 ‚
632 1701 662 1736 ne
673 1685 750 1752 possit
760 1702 798 1737 ars
809 1686 918 1737 eminere
931 1687 962 1739 δι
973 1688 1007 1740 ab
1018 1706 1068 1740 ou

395 1760 442 1810 bus
450 1760 537 1819 videri,
544 1761 663 1811 facultate
671 1759 775 1809 oratoris
784 1759 1068 1832 occultatunssrgoetia

395 1844 424 1882 ut
434 1832 509 1900 magis
519 1850 557 1882 ars
572 1831 750 1899 cognoscatur,
765 1831 813 1881 suis
822 1833 948 1898 exemplis
957 1837 1047 1888 melius
1059 1853 1068 1889 t

339 1918 341 1920 ·
394 1905 439 1955 uti.
455 1904 577 1956 Postremo
592 1906 645 1955 haec
662 1920 760 1971 quoque
777 1920 816 1954 res
831 1921 877 1954 nos
894 1905 971 1959 duxit
987 1910 1068 1961 adher

395 1979 533 2037 rationem,
547 1976 613 2046 quid
625 1978 721 2028 nomina
735 1994 815 2027 rerum
829 1975 942 2040 Graeca,
960 2000 1019 2050 que
1033 2001 1068 2035 cor

394 2053 511 2103 vertimus
519 2087 528 2113 ,
537 2069 566 2103 ea
573 2063 668 2102 remota
677 2050 750 2100 sunta
760 2052 956 2104 consuetudine:
965 2059 1068 2125 quaeri

394 2141 436 2176 res
445 2127 509 2193 apud
525 2125 618 2176 nostros
629 2137 778 2182 nommant,
794 2140 877 2174 earum
891 2143 982 2180 rerum
995 2133 1068 2184 nomit

393 2215 446 2249 non
454 2211 568 2266 poterant
577 2197 624 2249 esse
633 2198 730 2249 usitata.
737 2197 804 2266 Ergo
814 2198 867 2249 haec
876 2200 1007 2267 asperiora
1015 2207 1068 2274 priu

393 2271 524 2325 videantur
534 2271 629 2325 necesse
643 2271 692 2331 esi,
707 2272 779 2338 idque
794 2270 837 2322 siet
854 2272 910 2334 rei,
926 2292 986 2328 non
996 2279 1068 2331 nostri

393 2345 548 2398 difficultate.
575 2346 706 2412 Reliquum
730 2345 852 2412 scripturas
879 2349 1045 2405 consumetur
1066 2358 1068 2404 i

393 2422 524 2488 exemplis.
542 2422 602 2471 Haec
612 2420 689 2470 aliena
698 2419 879 2486 siposuissemus
888 2455 896 2480 ‚
906 2422 1003 2477 fesium
1013 2425 1068 2479 esset

352 2540 355 2548 ,
394 2505 440 2552 ut,
455 2495 521 2560 quod
537 2494 686 2544 commodius
698 2491 757 2542 esset
765 2494 790 2542 in
798 2495 845 2543 hoc
855 2494 919 2547 libro
928 2529 938 2555 ,
948 2497 976 2549 id
983 2501 1068 2553 posim

393 2581 446 2616 non
461 2565 539 2625 effert
552 2565 618 2632 quod
629 2566 753 2631 asperius,
773 2568 954 2620 &inusitatum
966 2605 980 2632 ,
996 2574 1023 2625 id
1034 2593 1068 2642 pn

393 2638 446 2705 prii
455 2638 525 2689 nobis
538 2639 720 2694 attribueretur.
733 2638 798 2709 Ergo
809 2641 871 2691 hanc
881 2659 986 2711 quoque
998 2649 1068 2699 incon

393 2711 536 2763 moditatem
550 2711 663 2780 sugimus.
676 2711 720 2763 His
736 2713 765 2764 de
778 2716 875 2774 musis,
893 2720 971 2783 quuni
984 2723 1046 2774 artis
1057 2723 1068 2773 i

392 2785 536 2836 tentionem
556 2784 700 2836 Graecorum
718 2788 897 2852 probassemus,
913 2797 1068 2862 exemploru

393 2860 513 2912 rationem
524 2857 600 2908 secuti
611 2877 661 2909 non
672 2859 760 2911 sumus.
771 2863 843 2916 Nunc
853 2875 950 2930 ternpus
963 2869 1068 2935 postulat

394 2946 422 2989 ut
439 2933 469 2983 ad
487 2932 633 2983 elocutionis
651 2948 773 3000 praecepta
789 2936 945 2990 transeamus.
966 2941 1068 3010 Biparti

394 3007 443 3071 crit
462 3005 536 3084 igitur
554 3007 625 3064 nobis
643 3008 797 3085 elocutionis,
810 3013 956 3082 praeceptio.
979 3015 1068 3079 Pristi
