2400 4067
534 489 1121 556 RHETonch
1186 484 1381 554 [ΑΒ.
1436 487 1491 553 Ι.
1611 502 1755 576 157

387 598 755 683 judicandus.
801 601 957 663 Nam
995 603 1056 662 id
1093 624 1274 684 quum
1305 606 1572 684 quaeritur
1594 647 1614 677 ,
1656 621 1766 662 ne-

391 680 542 742 ceffe
577 686 686 743 erit
716 682 956 744 definire
976 702 1286 765 utrumque
1306 729 1325 757 ,
1362 683 1501 766 quid
1536 685 1607 742 sit
1629 682 1720 742 fur
1744 727 1766 758 ,

472 760 533 822 ‘d
560 763 864 848 sacrilegus
884 811 904 839 ,
943 767 1008 825 &
1033 763 1130 825 su&
1156 764 1543 846 descriptione
1573 761 1773 824 osten-

436 864 537 906 ere
562 846 678 907 alio
714 851 953 908 nomine
979 847 1138 906 illam
1164 867 1292 907 rem
1316 891 1336 920 ‚
1376 846 1450 906 de
1528 866 1601 904 ua
1637 847 1768 926 agi-

389 941 527 1001 tur,
564 928 846 1010 appellari
882 946 1204 1010 oportere,
1245 947 1419 1010 atque
1459 949 1491 986 a
1534 925 1769 988 versarii

389 1007 612 1070 dicunt.

472 1088 582 1149 IX.
611 1088 864 1151 Generis
894 1089 977 1151 est
1007 1092 1408 1153 controversia
1431 1135 1450 1164 ‚
1483 1110 1662 1171 quum
1697 1087 1765 1150 &

389 1170 533 1310 alid
565 1169 778 1231 fastum
812 1175 884 1232 sit
908 1217 927 1246 ‚
968 1175 1248 1233 convenit
1273 1217 1292 1246 ‚
1331 1173 1394 1232 &
1430 1194 1548 1253 quo
1579 1171 1640 1230 id
1676 1169 1769 1231 fa-

448 1273 549 1312 um
577 1255 818 1313 nomine
848 1254 1126 1334 appellari
1158 1270 1433 1335 oporteat
1454 1299 1472 1326 ‚
1505 1251 1728 1313 constat
1752 1271 1768 1312 ε

391 1332 462 1392 &
512 1349 708 1394 tamen
740 1379 760 1408 ‚
801 1352 1081 1416 quantum
1109 1379 1129 1407 ‚
1176 1336 1242 1394 &
1291 1331 1653 1413 cujusmodi,
1698 1335 1766 1395 &

390 1416 637 1475 omnino
663 1415 842 1496 quale
876 1418 947 1473 sit
974 1460 993 1489 ‚
1036 1416 1303 1497 quaeritur
1331 1459 1349 1487 ‚
1387 1414 1503 1473 hoc
1537 1415 1764 1474 modo:

389 1491 611 1554 Justum
640 1539 660 1568 ‚
698 1518 771 1555 an
802 1493 1073 1576 injustum
1112 1516 1128 1552 τ
1166 1495 1307 1554 utile
1336 1540 1358 1566 ‚
1397 1516 1468 1553 an
1510 1495 1710 1555 inutile
1748 1515 1770 1569 ;

391 1574 462 1634 δι
502 1578 694 1636 omnia
721 1621 742 1650 ‚
786 1578 848 1636 in
884 1577 1089 1659 quibus
1118 1622 1139 1649 ‚
1188 1575 1360 1656 quale
1396 1577 1466 1634 sit
1506 1575 1564 1634 id
1601 1578 1765 1657 quod

386 1655 603 1716 fastum
644 1655 724 1717 est
751 1703 770 1732 ‚
818 1661 1089 1739 quaeritur
1121 1702 1140 1730 ,
1192 1660 1316 1716 sine
1357 1655 1473 1713 ulla
1514 1659 1768 1716 nominis

388 1741 814 1800 controversia.
877 1739 1031 1799 Huic
1138 1739 1300 1797 eneti
1367 1736 1766 1819 Hermagoras

385 1835 582 1900 partes
697 1837 863 1880 atuor
899 1759 1191 1910 suppoffiit
1220 1863 1239 1892 ‚
1278 1817 1716 1878 deliberativam
1745 1862 1767 1893 ‚

386 1899 610 1961 demon
688 1903 903 1961 ativam
937 1947 957 1976 ,
1011 1899 1390 1982 juridicialem
1418 1945 1436 1973 ‚
1491 1903 1764 1983 negotia-

389 1979 510 2041 lem
545 2002 559 2041 :
599 1981 760 2063 quod
797 1984 924 2049 eius
955 2027 974 2056 ‚
1024 1999 1087 2041 ut
1125 2003 1234 2041 nos
1274 1998 1541 2062 putamus
1568 2027 1586 2055 ‚
1638 2003 1763 2042 non

384 2062 689 2123 mediocre
728 2081 1037 2143 peccatum
1075 2062 1631 2145 reprehendendum
1665 2066 1764 2124 vi-

385 2142 608 2215 detur;
660 2147 869 2203 verum
916 2145 1132 2218 brevi,
1183 2165 1259 2204 ne
1290 2189 1309 2217 ,
1361 2161 1458 2202 aut
1511 2146 1558 2205 si
1600 2147 1763 2206 taciti

383 2225 832 2304 praeterierimus
851 2269 870 2298 ‚
905 2227 1027 2285 sine
1060 2224 1222 2284 causa
1263 2246 1385 2284 non
1417 2223 1593 2284 secuti
1624 2247 1761 2287 eum

381 2318 701 2384 putemur3
743 2319 841 2362 aut
872 2305 920 2361 si
954 2305 1161 2364 diutius
1191 2307 1251 2365 in
1282 2306 1397 2364 hoc
1432 2304 1760 2366 constiteri-

385 2402 517 2441 mus
548 2428 568 2456 ‚
618 2404 845 2442 moram
885 2400 1059 2466 atque
1098 2386 1582 2467 impedimentum
1619 2387 1761 2446 reli-

386 2466 514 2544 quis
549 2467 852 2545 praeceptis
887 2463 1128 2526 intuliss'e
1162 2467 1486 2528 videamur.
1518 2464 1581 2527 Si
1612 2466 1763 2529 deli·

382 2543 613 2605 beratio
650 2546 717 2605 &
758 2543 1171 2608 demonstratio
1211 2568 1427 2648 {ez-nera
1458 2548 1603 2625 finit„

380 2623 566 2685 sarum
591 2672 616 2698 ,
668 2648 790 2687 non
827 2628 1059 2710 possunt
1092 2628 1247 2688 reae
1283 2642 1496 2710 partes·

383 2710 612 2789 generis
644 2707 822 2769 causae
854 2712 1067 2791 putari.
1100 2708 1331 2769 Eadem
1352 2706 1558 2788 &mss-5

381 2807 565 2871 genus
595 2786 710 2848 esse
734 2833 754 2861 ,
794 2788 888 2848 alii
909 2811 1039 2872 pars
1075 2788 1332 2868 Ρῡῑείῇὶ·
1349 2788 1478 2876 412³*
1524 2829 1528 2836 ,

382 2867 498 2927 esse
544 2868 611 2925 &
652 2886 786 2947 pars
819 2890 943 2929 non
983 2867 1208 2948 potest-

380 2963 508 3007 tem
553 2945 620 3004 &
660 2945 1079 3008 demonstratio
1123 2964 1342 3031 get-«m,
1366 2952 1373 2962 ’“

377 3048 508 3091 rum
544 3045 561 3086 z
600 3046 748 3091 nam.
782 3042 882 3089 aut
926 3028 1174 3088 nullum
