<?xml version="1.0" encoding="UTF-8"?>
<!DOCTYPE html PUBLIC "-//W3C//DTD XHTML 1.0 Transitional//EN"
    "http://www.w3.org/TR/xhtml1/DTD/xhtml1-transitional.dtd">
<html xmlns="http://www.w3.org/1999/xhtml" xml:lang="en" lang="en">
 <head>
  <title>
</title>
<meta http-equiv="Content-Type" content="text/html;charset=utf-8" />
  <meta name='ocr-system' content='tesseract 3.04.00' />
  <meta name='ocr-capabilities' content='ocr_page ocr_carea ocr_par ocr_line ocrx_word'/>
</head>
<body>
  <div class='ocr_page' id='page_1' title='image "./mtulliiciceroni01lallgoog_0101.png"; bbox 0 0 2400 4067; ppageno 0'>
   <div class='ocr_carea' id='block_1_1' title="bbox 249 588 880 703">
    <p class='ocr_par' dir='ltr' id='par_1_1' title="bbox 249 588 880 703">
     <span class='ocr_line' id='line_1_1' title="bbox 249 588 880 703; baseline 0.011 -31"><span class='ocrx_word' id='word_1_1' title='bbox 249 614 316 703; x_wconf 65' lang='lat' dir='ltr'>ab</span> <span class='ocrx_word' id='word_1_2' title='bbox 340 603 607 675; x_wconf 72' lang='lat' dir='ltr'>Hrnsuuruu</span> <span class='ocrx_word' id='word_1_3' title='bbox 631 601 669 673; x_wconf 86' lang='lat' dir='ltr'>L.</span> <span class='ocrx_word' id='word_1_4' title='bbox 695 592 779 676; x_wconf 80' lang='lat' dir='ltr'><em>III.</em></span> <span class='ocrx_word' id='word_1_5' title='bbox 829 588 880 697; x_wconf 73' lang='lat'>77</span> 
     </span>
    </p>
   </div>
   <div class='ocr_carea' id='block_1_2' title="bbox 193 718 959 3270">
    <p class='ocr_par' dir='ltr' id='par_1_2' title="bbox 193 718 959 1960">
     <span class='ocr_line' id='line_1_2' title="bbox 195 718 882 783; baseline -0.003 -9"><span class='ocrx_word' id='word_1_6' title='bbox 195 718 313 774; x_wconf 69' lang='lat' dir='ltr'>formatio</span> <span class='ocrx_word' id='word_1_7' title='bbox 330 737 379 775; x_wconf 90' lang='lat' dir='ltr'>tum</span> <span class='ocrx_word' id='word_1_8' title='bbox 394 726 479 783; x_wconf 86' lang='lat' dir='ltr'>vaiet,</span> <span class='ocrx_word' id='word_1_9' title='bbox 498 725 519 773; x_wconf 90' lang='lat' dir='ltr'>si</span> <span class='ocrx_word' id='word_1_10' title='bbox 534 724 668 773; x_wconf 83' lang='lat' dir='ltr'>naturalem</span> <span class='ocrx_word' id='word_1_11' title='bbox 684 723 822 773; x_wconf 78' lang='lat' dir='ltr'>memoriam</span> <span class='ocrx_word' id='word_1_12' title='bbox 839 738 882 772; x_wconf 56' lang='lat' dir='ltr'>ex*-</span> 
     </span>
     <span class='ocr_line' id='line_1_3' title="bbox 196 796 880 862; baseline 0 -18"><span class='ocrx_word' id='word_1_13' title='bbox 196 797 385 849; x_wconf 77' lang='lat' dir='ltr'>suscitaverImus</span> <span class='ocrx_word' id='word_1_14' title='bbox 401 799 446 848; x_wconf 89' lang='lat' dir='ltr'>hac</span> <span class='ocrx_word' id='word_1_15' title='bbox 461 799 607 854; x_wconf 88' lang='lat' dir='ltr'>notatione,</span> <span class='ocrx_word' id='word_1_16' title='bbox 627 808 672 854; x_wconf 91' lang='lat' dir='ltr'>ut,</span> <span class='ocrx_word' id='word_1_17' title='bbox 690 796 761 846; x_wconf 83' lang='lat' dir='ltr'>versu</span> <span class='ocrx_word' id='word_1_18' title='bbox 779 796 880 862; x_wconf 84' lang='lat' dir='ltr'>posito,</span> 
     </span>
     <span class='ocr_line' id='line_1_4' title="bbox 196 869 881 937; baseline 0 -19"><span class='ocrx_word' id='word_1_19' title='bbox 196 869 245 934; x_wconf 85' lang='lat' dir='ltr'>ipsi</span> <span class='ocrx_word' id='word_1_20' title='bbox 256 872 376 921; x_wconf 92' lang='lat' dir='ltr'>nobiscum</span> <span class='ocrx_word' id='word_1_21' title='bbox 386 869 488 937; x_wconf 76' lang='lat' dir='ltr'>primum</span> <span class='ocrx_word' id='word_1_22' title='bbox 498 871 643 920; x_wconf 86' lang='lat' dir='ltr'>transeamus</span> <span class='ocrx_word' id='word_1_23' title='bbox 653 870 688 919; x_wconf 80' lang='lat' dir='ltr'>his</span> <span class='ocrx_word' id='word_1_24' title='bbox 700 902 708 928; x_wconf 88' lang='lat'>,</span> <span class='ocrx_word' id='word_1_25' title='bbox 726 880 766 919; x_wconf 92' lang='lat' dir='ltr'>aut</span> <span class='ocrx_word' id='word_1_26' title='bbox 776 881 814 918; x_wconf 86' lang='lat' dir='ltr'>ter</span> <span class='ocrx_word' id='word_1_27' title='bbox 827 883 881 918; x_wconf 86' lang='lat' dir='ltr'>eum</span> 
     </span>
     <span class='ocr_line' id='line_1_5' title="bbox 196 942 882 1012; baseline 0 -22"><span class='ocrx_word' id='word_1_28' title='bbox 196 943 311 1002; x_wconf 71' lang='lat' dir='ltr'>versuma</span> <span class='ocrx_word' id='word_1_29' title='bbox 333 945 420 994; x_wconf 89' lang='lat' dir='ltr'>deinde</span> <span class='ocrx_word' id='word_1_30' title='bbox 442 960 495 994; x_wconf 92' lang='lat' dir='ltr'>cum</span> <span class='ocrx_word' id='word_1_31' title='bbox 512 944 656 1012; x_wconf 81' lang='lat' dir='ltr'>imaginibus</span> <span class='ocrx_word' id='word_1_32' title='bbox 668 943 742 992; x_wconf 81' lang='lat' dir='ltr'>verba</span> <span class='ocrx_word' id='word_1_33' title='bbox 763 942 882 1008; x_wconf 59' lang='lat' dir='ltr'>exprimat*</span> 
     </span>
     <span class='ocr_line' id='line_1_6' title="bbox 194 1015 882 1083; baseline 0.001 -19"><span class='ocrx_word' id='word_1_34' title='bbox 194 1032 257 1065; x_wconf 88' lang='lat' dir='ltr'>mus.</span> <span class='ocrx_word' id='word_1_35' title='bbox 280 1017 336 1066; x_wconf 90' lang='lat' dir='ltr'>Hoc</span> <span class='ocrx_word' id='word_1_36' title='bbox 356 1019 431 1068; x_wconf 91' lang='lat' dir='ltr'>modo</span> <span class='ocrx_word' id='word_1_37' title='bbox 454 1029 544 1067; x_wconf 84' lang='lat' dir='ltr'>naturae</span> <span class='ocrx_word' id='word_1_38' title='bbox 565 1015 724 1083; x_wconf 84' lang='lat' dir='ltr'>suppeditabit</span> <span class='ocrx_word' id='word_1_39' title='bbox 747 1015 853 1065; x_wconf 78' lang='lat' dir='ltr'>dossrina</span> <span class='ocrx_word' id='word_1_40' title='bbox 873 1030 882 1065; x_wconf 78' lang='lat' dir='ltr'>t</span> 
     </span>
     <span class='ocr_line' id='line_1_7' title="bbox 193 1087 884 1157; baseline -0.001 -19"><span class='ocrx_word' id='word_1_41' title='bbox 193 1105 251 1138; x_wconf 89' lang='lat' dir='ltr'>nam</span> <span class='ocrx_word' id='word_1_42' title='bbox 265 1103 367 1157; x_wconf 89' lang='lat' dir='ltr'>utraque</span> <span class='ocrx_word' id='word_1_43' title='bbox 383 1090 461 1141; x_wconf 68' lang='lat' dir='ltr'>alteri</span> <span class='ocrx_word' id='word_1_44' title='bbox 474 1090 581 1157; x_wconf 69' lang='lat' dir='ltr'>separata</span> <span class='ocrx_word' id='word_1_45' title='bbox 594 1087 669 1140; x_wconf 75' lang='lat' dir='ltr'>minias</span> <span class='ocrx_word' id='word_1_46' title='bbox 688 1090 735 1139; x_wconf 86' lang='lat' dir='ltr'>erit</span> <span class='ocrx_word' id='word_1_47' title='bbox 746 1087 813 1138; x_wconf 89' lang='lat' dir='ltr'>firma</span> <span class='ocrx_word' id='word_1_48' title='bbox 826 1105 836 1146; x_wconf 75' lang='lat'>3</span> <span class='ocrx_word' id='word_1_49' title='bbox 849 1089 884 1138; x_wconf 88' lang='lat' dir='ltr'>ita</span> 
     </span>
     <span class='ocr_line' id='line_1_8' title="bbox 193 1162 883 1230; baseline 0.001 -20"><span class='ocrx_word' id='word_1_50' title='bbox 193 1173 277 1212; x_wconf 88' lang='lat' dir='ltr'>tamen</span> <span class='ocrx_word' id='word_1_51' title='bbox 293 1177 321 1214; x_wconf 93' lang='lat' dir='ltr'>ut</span> <span class='ocrx_word' id='word_1_52' title='bbox 335 1162 413 1214; x_wconf 87' lang='lat' dir='ltr'>multd</span> <span class='ocrx_word' id='word_1_53' title='bbox 429 1166 482 1230; x_wconf 84' lang='lat' dir='ltr'>pius</span> <span class='ocrx_word' id='word_1_54' title='bbox 495 1165 520 1213; x_wconf 92' lang='lat' dir='ltr'>in</span> <span class='ocrx_word' id='word_1_55' title='bbox 535 1163 641 1213; x_wconf 73' lang='lat' dir='ltr'>dostrina</span> <span class='ocrx_word' id='word_1_56' title='bbox 658 1177 730 1230; x_wconf 89' lang='lat' dir='ltr'>atque</span> <span class='ocrx_word' id='word_1_57' title='bbox 748 1176 800 1212; x_wconf 89' lang='lat' dir='ltr'>arte</span> <span class='ocrx_word' id='word_1_58' title='bbox 818 1180 883 1227; x_wconf 86' lang='lat' dir='ltr'>prae·</span> 
     </span>
     <span class='ocr_line' id='line_1_9' title="bbox 194 1235 885 1305; baseline -0.001 -19"><span class='ocrx_word' id='word_1_59' title='bbox 194 1235 249 1286; x_wconf 83' lang='lat' dir='ltr'>sidii</span> <span class='ocrx_word' id='word_1_60' title='bbox 267 1237 307 1286; x_wconf 87' lang='lat' dir='ltr'>sit.</span> <span class='ocrx_word' id='word_1_61' title='bbox 327 1237 402 1302; x_wconf 85' lang='lat' dir='ltr'>Quod</span> <span class='ocrx_word' id='word_1_62' title='bbox 418 1238 508 1288; x_wconf 86' lang='lat' dir='ltr'>docete</span> <span class='ocrx_word' id='word_1_63' title='bbox 522 1254 572 1288; x_wconf 91' lang='lat' dir='ltr'>non</span> <span class='ocrx_word' id='word_1_64' title='bbox 588 1254 762 1305; x_wconf 89' lang='lat' dir='ltr'>gravaremur,</span> <span class='ocrx_word' id='word_1_65' title='bbox 784 1235 810 1285; x_wconf 90' lang='lat' dir='ltr'>ni</span> <span class='ocrx_word' id='word_1_66' title='bbox 828 1252 885 1285; x_wconf 77' lang='lat' dir='ltr'>me·</span> 
     </span>
     <span class='ocr_line' id='line_1_10' title="bbox 195 1309 884 1378; baseline 0.001 -20"><span class='ocrx_word' id='word_1_67' title='bbox 195 1320 341 1369; x_wconf 89' lang='lat' dir='ltr'>tueremus,</span> <span class='ocrx_word' id='word_1_68' title='bbox 357 1328 407 1370; x_wconf 86' lang='lat' dir='ltr'>ne,</span> <span class='ocrx_word' id='word_1_69' title='bbox 422 1328 494 1378; x_wconf 89' lang='lat' dir='ltr'>quum</span> <span class='ocrx_word' id='word_1_70' title='bbox 508 1313 537 1360; x_wconf 87' lang='lat' dir='ltr'>ab</span> <span class='ocrx_word' id='word_1_71' title='bbox 550 1311 657 1362; x_wconf 80' lang='lat' dir='ltr'>instituto</span> <span class='ocrx_word' id='word_1_72' title='bbox 672 1310 752 1361; x_wconf 91' lang='lat' dir='ltr'>nostro</span> <span class='ocrx_word' id='word_1_73' title='bbox 765 1309 884 1359; x_wconf 87' lang='lat' dir='ltr'>recessis-</span> 
     </span>
     <span class='ocr_line' id='line_1_11' title="bbox 196 1381 882 1439; baseline 0.001 -9"><span class='ocrx_word' id='word_1_74' title='bbox 196 1382 294 1439; x_wconf 87' lang='lat' dir='ltr'>semus,</span> <span class='ocrx_word' id='word_1_75' title='bbox 317 1381 393 1434; x_wconf 80' lang='lat' dir='ltr'>minds</span> <span class='ocrx_word' id='word_1_76' title='bbox 411 1384 537 1434; x_wconf 78' lang='lat' dir='ltr'>commod&#39;e</span> <span class='ocrx_word' id='word_1_77' title='bbox 554 1385 689 1435; x_wconf 81' lang='lat' dir='ltr'>servaretur</span> <span class='ocrx_word' id='word_1_78' title='bbox 707 1385 760 1433; x_wconf 84' lang='lat' dir='ltr'>haec</span> <span class='ocrx_word' id='word_1_79' title='bbox 777 1383 882 1432; x_wconf 85' lang='lat' dir='ltr'>dilucida</span> 
     </span>
     <span class='ocr_line' id='line_1_12' title="bbox 195 1456 883 1522; baseline 0.001 -18"><span class='ocrx_word' id='word_1_80' title='bbox 195 1456 304 1504; x_wconf 85' lang='lat' dir='ltr'>brevitas</span> <span class='ocrx_word' id='word_1_81' title='bbox 319 1459 497 1522; x_wconf 84' lang='lat' dir='ltr'>praeceptionis.</span> <span class='ocrx_word' id='word_1_82' title='bbox 513 1459 604 1516; x_wconf 89' lang='lat' dir='ltr'>Nunc,</span> <span class='ocrx_word' id='word_1_83' title='bbox 619 1458 732 1522; x_wconf 86' lang='lat' dir='ltr'>quoniam</span> <span class='ocrx_word' id='word_1_84' title='bbox 747 1456 808 1505; x_wconf 85' lang='lat' dir='ltr'>solet</span> <span class='ocrx_word' id='word_1_85' title='bbox 821 1457 883 1505; x_wconf 87' lang='lat' dir='ltr'>acci·</span> 
     </span>
     <span class='ocr_line' id='line_1_13' title="bbox 199 1527 885 1594; baseline 0.004 -19"><span class='ocrx_word' id='word_1_86' title='bbox 199 1528 279 1584; x_wconf 85' lang='lat' dir='ltr'>dere,</span> <span class='ocrx_word' id='word_1_87' title='bbox 295 1541 323 1577; x_wconf 91' lang='lat' dir='ltr'>ut</span> <span class='ocrx_word' id='word_1_88' title='bbox 336 1529 450 1594; x_wconf 77' lang='lat' dir='ltr'>imagines</span> <span class='ocrx_word' id='word_1_89' title='bbox 464 1529 550 1593; x_wconf 84' lang='lat' dir='ltr'>partim</span> <span class='ocrx_word' id='word_1_90' title='bbox 563 1527 636 1576; x_wconf 82' lang='lat' dir='ltr'>firmae</span> <span class='ocrx_word' id='word_1_91' title='bbox 653 1530 679 1578; x_wconf 77' lang='grc' dir='ltr'>δι</span> <span class='ocrx_word' id='word_1_92' title='bbox 694 1527 724 1575; x_wconf 91' lang='lat' dir='ltr'>ad</span> <span class='ocrx_word' id='word_1_93' title='bbox 739 1529 885 1578; x_wconf 86' lang='lat' dir='ltr'>monendum</span> 
     </span>
     <span class='ocr_line' id='line_1_14' title="bbox 198 1598 885 1667; baseline 0.003 -18"><span class='ocrx_word' id='word_1_94' title='bbox 198 1599 296 1650; x_wconf 81' lang='lat' dir='ltr'>idoueae</span> <span class='ocrx_word' id='word_1_95' title='bbox 306 1601 371 1659; x_wconf 86' lang='lat' dir='ltr'>sint,</span> <span class='ocrx_word' id='word_1_96' title='bbox 382 1601 465 1665; x_wconf 91' lang='lat' dir='ltr'>partim</span> <span class='ocrx_word' id='word_1_97' title='bbox 477 1601 609 1650; x_wconf 84' lang='lat' dir='ltr'>imbecilles</span> <span class='ocrx_word' id='word_1_98' title='bbox 621 1600 646 1650; x_wconf 77' lang='grc' dir='ltr'>ὅ(</span> <span class='ocrx_word' id='word_1_99' title='bbox 657 1598 769 1659; x_wconf 81' lang='lat' dir='ltr'>insirmae,</span> <span class='ocrx_word' id='word_1_100' title='bbox 781 1600 885 1667; x_wconf 76' lang='lat' dir='ltr'>quaeuix</span> 
     </span>
     <span class='ocr_line' id='line_1_15' title="bbox 199 1673 885 1740; baseline 0.003 -18"><span class='ocrx_word' id='word_1_101' title='bbox 199 1673 339 1722; x_wconf 81' lang='lat' dir='ltr'>memoriam</span> <span class='ocrx_word' id='word_1_102' title='bbox 354 1674 447 1739; x_wconf 84' lang='lat' dir='ltr'>possint</span> <span class='ocrx_word' id='word_1_103' title='bbox 460 1675 567 1724; x_wconf 86' lang='lat' dir='ltr'>excitare</span> <span class='ocrx_word' id='word_1_104' title='bbox 583 1691 591 1723; x_wconf 91' lang='grc'>.·</span> <span class='ocrx_word' id='word_1_105' title='bbox 607 1692 652 1740; x_wconf 92' lang='lat' dir='ltr'>qua</span> <span class='ocrx_word' id='word_1_106' title='bbox 669 1675 698 1723; x_wconf 89' lang='lat' dir='ltr'>de</span> <span class='ocrx_word' id='word_1_107' title='bbox 715 1675 782 1724; x_wconf 85' lang='lat' dir='ltr'>causa</span> <span class='ocrx_word' id='word_1_108' title='bbox 795 1686 885 1724; x_wconf 88' lang='lat' dir='ltr'>utrum·</span> 
     </span>
     <span class='ocr_line' id='line_1_16' title="bbox 198 1745 959 1815; baseline 0.004 -21"><span class='ocrx_word' id='word_1_109' title='bbox 198 1763 247 1812; x_wconf 89' lang='lat' dir='ltr'>que</span> <span class='ocrx_word' id='word_1_110' title='bbox 260 1745 322 1805; x_wconf 87' lang='lat' dir='ltr'>fiat,</span> <span class='ocrx_word' id='word_1_111' title='bbox 338 1748 536 1798; x_wconf 87' lang='lat' dir='ltr'>considerandum</span> <span class='ocrx_word' id='word_1_112' title='bbox 553 1748 604 1805; x_wconf 88' lang='lat' dir='ltr'>est,</span> <span class='ocrx_word' id='word_1_113' title='bbox 621 1760 667 1806; x_wconf 89' lang='lat' dir='ltr'>ut,</span> <span class='ocrx_word' id='word_1_114' title='bbox 685 1747 782 1815; x_wconf 69' lang='lat' dir='ltr'>cogniti</span> <span class='ocrx_word' id='word_1_115' title='bbox 797 1747 883 1807; x_wconf 76' lang='lat' dir='ltr'>causi,</span> <span class='ocrx_word' id='word_1_116' title='bbox 957 1785 959 1788; x_wconf 23' lang='grc' dir='ltr'><strong><em>ι</em></strong></span> 
     </span>
     <span class='ocr_line' id='line_1_17' title="bbox 197 1821 885 1890; baseline 0.006 -22"><span class='ocrx_word' id='word_1_117' title='bbox 197 1837 258 1886; x_wconf 81' lang='lat' dir='ltr'>quas</span> <span class='ocrx_word' id='word_1_118' title='bbox 274 1821 397 1881; x_wconf 82' lang='lat' dir='ltr'>vitemus,</span> <span class='ocrx_word' id='word_1_119' title='bbox 416 1822 441 1872; x_wconf 83' lang='grc' dir='ltr'>δι</span> <span class='ocrx_word' id='word_1_120' title='bbox 457 1839 513 1888; x_wconf 87' lang='lat' dir='ltr'>quas</span> <span class='ocrx_word' id='word_1_121' title='bbox 531 1822 656 1890; x_wconf 87' lang='lat' dir='ltr'>sequamur</span> <span class='ocrx_word' id='word_1_122' title='bbox 671 1821 805 1889; x_wconf 82' lang='lat' dir='ltr'>imagines,</span> <span class='ocrx_word' id='word_1_123' title='bbox 824 1821 885 1872; x_wconf 84' lang='lat' dir='ltr'>scite</span> 
     </span>
     <span class='ocr_line' id='line_1_18' title="bbox 195 1909 324 1960; baseline 0.016 -17"><span class='ocrx_word' id='word_1_124' title='bbox 195 1909 324 1960; x_wconf 79' lang='lat' dir='ltr'>possimus.</span> 
     </span>
    </p>

    <p class='ocr_par' dir='ltr' id='par_1_3' title="bbox 195 1968 946 2906">
     <span class='ocr_line' id='line_1_19' title="bbox 234 1968 885 2037; baseline 0.002 -20"><span class='ocrx_word' id='word_1_125' title='bbox 234 1968 317 2017; x_wconf 87' lang='lat' dir='ltr'>XXII.</span> <span class='ocrx_word' id='word_1_126' title='bbox 331 1969 416 2019; x_wconf 89' lang='lat' dir='ltr'>Docet</span> <span class='ocrx_word' id='word_1_127' title='bbox 426 1969 498 2037; x_wconf 87' lang='lat' dir='ltr'>igitur</span> <span class='ocrx_word' id='word_1_128' title='bbox 510 1987 554 2020; x_wconf 92' lang='lat' dir='ltr'>nos</span> <span class='ocrx_word' id='word_1_129' title='bbox 567 1970 616 2036; x_wconf 86' lang='lat' dir='ltr'>ipsa</span> <span class='ocrx_word' id='word_1_130' title='bbox 627 1981 727 2028; x_wconf 87' lang='lat' dir='ltr'>natura,</span> <span class='ocrx_word' id='word_1_131' title='bbox 741 1969 798 2035; x_wconf 89' lang='lat' dir='ltr'>quid</span> <span class='ocrx_word' id='word_1_132' title='bbox 809 1986 885 2036; x_wconf 90' lang='lat' dir='ltr'>opor-</span> 
     </span>
     <span class='ocr_line' id='line_1_20' title="bbox 195 2039 887 2110; baseline 0.003 -20"><span class='ocrx_word' id='word_1_133' title='bbox 195 2052 250 2090; x_wconf 86' lang='lat' dir='ltr'>teat</span> <span class='ocrx_word' id='word_1_134' title='bbox 264 2039 316 2091; x_wconf 85' lang='lat' dir='ltr'>fieri</span> <span class='ocrx_word' id='word_1_135' title='bbox 331 2059 339 2091; x_wconf 77' lang='lat' dir='ltr'>r</span> <span class='ocrx_word' id='word_1_136' title='bbox 357 2061 411 2092; x_wconf 91' lang='lat' dir='ltr'>nam</span> <span class='ocrx_word' id='word_1_137' title='bbox 427 2045 447 2094; x_wconf 86' lang='lat' dir='ltr'>si</span> <span class='ocrx_word' id='word_1_138' title='bbox 464 2061 522 2110; x_wconf 86' lang='lat' dir='ltr'>quas</span> <span class='ocrx_word' id='word_1_139' title='bbox 538 2061 577 2094; x_wconf 87' lang='lat' dir='ltr'>tes</span> <span class='ocrx_word' id='word_1_140' title='bbox 594 2045 619 2092; x_wconf 93' lang='lat' dir='ltr'>in</span> <span class='ocrx_word' id='word_1_141' title='bbox 634 2044 684 2092; x_wconf 79' lang='lat' dir='ltr'>vira</span> <span class='ocrx_word' id='word_1_142' title='bbox 701 2044 810 2093; x_wconf 82' lang='lat' dir='ltr'>videmus</span> <span class='ocrx_word' id='word_1_143' title='bbox 827 2045 887 2109; x_wconf 50' lang='lat' dir='ltr'>par&amp;</span> 
     </span>
     <span class='ocr_line' id='line_1_21' title="bbox 195 2116 885 2182; baseline 0.003 -19"><span class='ocrx_word' id='word_1_144' title='bbox 195 2131 256 2172; x_wconf 82' lang='lat' dir='ltr'>vas,</span> <span class='ocrx_word' id='word_1_145' title='bbox 272 2116 388 2174; x_wconf 86' lang='lat' dir='ltr'>usitatas,</span> <span class='ocrx_word' id='word_1_146' title='bbox 403 2118 572 2182; x_wconf 86' lang='lat' dir='ltr'>quotidianas,</span> <span class='ocrx_word' id='word_1_147' title='bbox 586 2135 627 2168; x_wconf 86' lang='lat' dir='ltr'>eas</span> <span class='ocrx_word' id='word_1_148' title='bbox 641 2117 768 2166; x_wconf 80' lang='lat' dir='ltr'>meminisse</span> <span class='ocrx_word' id='word_1_149' title='bbox 779 2133 829 2166; x_wconf 92' lang='lat' dir='ltr'>non</span> <span class='ocrx_word' id='word_1_150' title='bbox 842 2117 885 2166; x_wconf 92' lang='lat' dir='ltr'>so·</span> 
     </span>
     <span class='ocr_line' id='line_1_22' title="bbox 196 2188 886 2256; baseline 0.001 -21"><span class='ocrx_word' id='word_1_151' title='bbox 196 2188 294 2246; x_wconf 78' lang='lat' dir='ltr'>lemus3</span> <span class='ocrx_word' id='word_1_152' title='bbox 310 2202 440 2254; x_wconf 87' lang='lat' dir='ltr'>propterea</span> <span class='ocrx_word' id='word_1_153' title='bbox 457 2189 521 2256; x_wconf 81' lang='lat' dir='ltr'>qudd</span> <span class='ocrx_word' id='word_1_154' title='bbox 537 2189 603 2240; x_wconf 69' lang='lat' dir='ltr'>nulli</span> <span class='ocrx_word' id='word_1_155' title='bbox 617 2191 661 2239; x_wconf 89' lang='lat' dir='ltr'>nisi</span> <span class='ocrx_word' id='word_1_156' title='bbox 679 2189 763 2246; x_wconf 73' lang='lat' dir='ltr'>novi,</span> <span class='ocrx_word' id='word_1_157' title='bbox 783 2203 825 2237; x_wconf 85' lang='lat' dir='ltr'>aut</span> <span class='ocrx_word' id='word_1_158' title='bbox 841 2189 886 2236; x_wconf 87' lang='lat' dir='ltr'>ad·</span> 
     </span>
     <span class='ocr_line' id='line_1_23' title="bbox 196 2261 885 2326; baseline 0.001 -18"><span class='ocrx_word' id='word_1_159' title='bbox 196 2261 299 2310; x_wconf 84' lang='lat' dir='ltr'>mirabili</span> <span class='ocrx_word' id='word_1_160' title='bbox 312 2278 340 2311; x_wconf 87' lang='lat' dir='ltr'>re</span> <span class='ocrx_word' id='word_1_161' title='bbox 357 2275 525 2312; x_wconf 85' lang='lat' dir='ltr'>commovetur</span> <span class='ocrx_word' id='word_1_162' title='bbox 539 2264 630 2312; x_wconf 88' lang='lat' dir='ltr'>animus</span> <span class='ocrx_word' id='word_1_163' title='bbox 646 2263 725 2311; x_wconf 84' lang='lat' dir='ltr'>:atsi</span> <span class='ocrx_word' id='word_1_164' title='bbox 742 2262 798 2326; x_wconf 90' lang='lat' dir='ltr'>quid</span> <span class='ocrx_word' id='word_1_165' title='bbox 814 2262 885 2310; x_wconf 84' lang='lat' dir='ltr'>vidc-</span> 
     </span>
     <span class='ocr_line' id='line_1_24' title="bbox 197 2333 946 2399; baseline 0 -19"><span class='ocrx_word' id='word_1_166' title='bbox 197 2349 270 2389; x_wconf 89' lang='lat' dir='ltr'>mus,</span> <span class='ocrx_word' id='word_1_167' title='bbox 291 2347 332 2381; x_wconf 90' lang='lat' dir='ltr'>aut</span> <span class='ocrx_word' id='word_1_168' title='bbox 343 2334 449 2381; x_wconf 86' lang='lat' dir='ltr'>audimus</span> <span class='ocrx_word' id='word_1_169' title='bbox 465 2333 562 2399; x_wconf 77' lang='lat' dir='ltr'>egregi&#39;e</span> <span class='ocrx_word' id='word_1_170' title='bbox 573 2347 664 2398; x_wconf 86' lang='lat' dir='ltr'>turpe,</span> <span class='ocrx_word' id='word_1_171' title='bbox 681 2346 722 2382; x_wconf 87' lang='lat' dir='ltr'>aut</span> <span class='ocrx_word' id='word_1_172' title='bbox 738 2334 862 2382; x_wconf 82' lang='lat' dir='ltr'>honestum</span> <span class='ocrx_word' id='word_1_173' title='bbox 878 2363 886 2390; x_wconf 91' lang='lat'>,</span> <span class='ocrx_word' id='word_1_174' title='bbox 944 2341 946 2343; x_wconf 82' lang='grc'><strong>’</strong></span> 
     </span>
     <span class='ocr_line' id='line_1_25' title="bbox 198 2404 886 2467; baseline 0.001 -16"><span class='ocrx_word' id='word_1_175' title='bbox 198 2404 358 2458; x_wconf 86' lang='lat' dir='ltr'>inusitatum,</span> <span class='ocrx_word' id='word_1_176' title='bbox 374 2419 503 2467; x_wconf 84' lang='lat' dir='ltr'>magnum,</span> <span class='ocrx_word' id='word_1_177' title='bbox 518 2405 680 2459; x_wconf 87' lang='lat' dir='ltr'>incredibile,</span> <span class='ocrx_word' id='word_1_178' title='bbox 697 2404 842 2460; x_wconf 87' lang='lat' dir='ltr'>ridiculum,</span> <span class='ocrx_word' id='word_1_179' title='bbox 860 2405 886 2452; x_wconf 94' lang='lat' dir='ltr'>id</span> 
     </span>
     <span class='ocr_line' id='line_1_26' title="bbox 199 2473 886 2536; baseline 0 -13"><span class='ocrx_word' id='word_1_180' title='bbox 199 2476 240 2524; x_wconf 88' lang='lat' dir='ltr'>diu</span> <span class='ocrx_word' id='word_1_181' title='bbox 251 2474 379 2522; x_wconf 76' lang='lat' dir='ltr'>meminisse</span> <span class='ocrx_word' id='word_1_182' title='bbox 392 2473 568 2522; x_wconf 83' lang='lat' dir='ltr'>consuevimus.</span> <span class='ocrx_word' id='word_1_183' title='bbox 583 2474 693 2536; x_wconf 88' lang='lat' dir='ltr'>Itemque</span> <span class='ocrx_word' id='word_1_184' title='bbox 706 2487 763 2536; x_wconf 86' lang='lat' dir='ltr'>quas</span> <span class='ocrx_word' id='word_1_185' title='bbox 777 2490 815 2521; x_wconf 90' lang='lat' dir='ltr'>res</span> <span class='ocrx_word' id='word_1_186' title='bbox 829 2487 886 2525; x_wconf 88' lang='lat' dir='ltr'>ante</span> 
     </span>
     <span class='ocr_line' id='line_1_27' title="bbox 199 2544 887 2608; baseline -0.006 -10"><span class='ocrx_word' id='word_1_187' title='bbox 199 2565 243 2598; x_wconf 86' lang='lat' dir='ltr'>ora</span> <span class='ocrx_word' id='word_1_188' title='bbox 257 2548 386 2604; x_wconf 86' lang='lat' dir='ltr'>videmus,</span> <span class='ocrx_word' id='word_1_189' title='bbox 405 2559 445 2594; x_wconf 88' lang='lat' dir='ltr'>ant</span> <span class='ocrx_word' id='word_1_190' title='bbox 461 2546 587 2602; x_wconf 86' lang='lat' dir='ltr'>audimus,</span> <span class='ocrx_word' id='word_1_191' title='bbox 608 2544 767 2594; x_wconf 84' lang='lat' dir='ltr'>obliviscimur</span> <span class='ocrx_word' id='word_1_192' title='bbox 784 2545 887 2608; x_wconf 78' lang='lat' dir='ltr'>plerum·</span> 
     </span>
     <span class='ocr_line' id='line_1_28' title="bbox 198 2617 888 2688; baseline -0.003 -19"><span class='ocrx_word' id='word_1_193' title='bbox 198 2638 267 2688; x_wconf 90' lang='lat' dir='ltr'>que;</span> <span class='ocrx_word' id='word_1_194' title='bbox 285 2638 337 2685; x_wconf 87' lang='lat' dir='ltr'>quae</span> <span class='ocrx_word' id='word_1_195' title='bbox 353 2619 494 2668; x_wconf 87' lang='lat' dir='ltr'>acciderunt</span> <span class='ocrx_word' id='word_1_196' title='bbox 505 2621 529 2667; x_wconf 90' lang='lat' dir='ltr'>in</span> <span class='ocrx_word' id='word_1_197' title='bbox 542 2619 661 2683; x_wconf 86' lang='lat' dir='ltr'>pueritia,</span> <span class='ocrx_word' id='word_1_198' title='bbox 678 2617 825 2666; x_wconf 87' lang='lat' dir='ltr'>meminimus</span> <span class='ocrx_word' id='word_1_199' title='bbox 842 2635 888 2684; x_wconf 88' lang='lat' dir='ltr'>op·</span> 
     </span>
     <span class='ocr_line' id='line_1_29' title="bbox 198 2691 889 2759; baseline -0.006 -15"><span class='ocrx_word' id='word_1_200' title='bbox 198 2694 256 2744; x_wconf 80' lang='lat' dir='ltr'>time</span> <span class='ocrx_word' id='word_1_201' title='bbox 277 2694 339 2759; x_wconf 88' lang='lat' dir='ltr'>saepe</span> <span class='ocrx_word' id='word_1_202' title='bbox 357 2709 364 2742; x_wconf 79' lang='lat' dir='ltr'>t</span> <span class='ocrx_word' id='word_1_203' title='bbox 383 2710 429 2742; x_wconf 87' lang='lat' dir='ltr'>nec</span> <span class='ocrx_word' id='word_1_204' title='bbox 448 2693 496 2740; x_wconf 93' lang='lat' dir='ltr'>hoc</span> <span class='ocrx_word' id='word_1_205' title='bbox 516 2693 562 2741; x_wconf 87' lang='lat' dir='ltr'>alia</span> <span class='ocrx_word' id='word_1_206' title='bbox 582 2692 613 2741; x_wconf 90' lang='lat' dir='ltr'>de</span> <span class='ocrx_word' id='word_1_207' title='bbox 634 2691 703 2741; x_wconf 87' lang='lat' dir='ltr'>causa</span> <span class='ocrx_word' id='word_1_208' title='bbox 724 2691 801 2757; x_wconf 85' lang='lat' dir='ltr'>potest</span> <span class='ocrx_word' id='word_1_209' title='bbox 821 2692 889 2740; x_wconf 88' lang='lat' dir='ltr'>acci·</span> 
     </span>
     <span class='ocr_line' id='line_1_30' title="bbox 199 2763 920 2833; baseline -0.001 -17"><span class='ocrx_word' id='word_1_210' title='bbox 199 2769 274 2825; x_wconf 90' lang='lat' dir='ltr'>dere,</span> <span class='ocrx_word' id='word_1_211' title='bbox 294 2767 337 2816; x_wconf 88' lang='lat' dir='ltr'>nisi</span> <span class='ocrx_word' id='word_1_212' title='bbox 352 2763 416 2833; x_wconf 84' lang='lat' dir='ltr'>qudd</span> <span class='ocrx_word' id='word_1_213' title='bbox 428 2766 521 2815; x_wconf 84' lang='lat' dir='ltr'>usitatae</span> <span class='ocrx_word' id='word_1_214' title='bbox 534 2783 573 2816; x_wconf 89' lang='lat' dir='ltr'>res</span> <span class='ocrx_word' id='word_1_215' title='bbox 588 2763 659 2815; x_wconf 79' lang='lat' dir='ltr'>sacild</span> <span class='ocrx_word' id='word_1_216' title='bbox 677 2781 690 2815; x_wconf 92' lang='lat' dir='ltr'>e</span> <span class='ocrx_word' id='word_1_217' title='bbox 706 2765 820 2814; x_wconf 86' lang='lat' dir='ltr'>memoria</span> <span class='ocrx_word' id='word_1_218' title='bbox 836 2767 887 2815; x_wconf 86' lang='lat' dir='ltr'>ela·</span> <span class='ocrx_word' id='word_1_219' title='bbox 918 2824 920 2828; x_wconf 9' lang='grc' dir='ltr'>μ</span> 
     </span>
     <span class='ocr_line' id='line_1_31' title="bbox 198 2839 775 2906; baseline -0.005 -16"><span class='ocrx_word' id='word_1_220' title='bbox 198 2842 304 2897; x_wconf 90' lang='lat' dir='ltr'>buntur,</span> <span class='ocrx_word' id='word_1_221' title='bbox 319 2839 463 2906; x_wconf 80' lang='lat' dir='ltr'>insignes&amp;</span> <span class='ocrx_word' id='word_1_222' title='bbox 478 2857 547 2889; x_wconf 83' lang='lat' dir='ltr'>novae</span> <span class='ocrx_word' id='word_1_223' title='bbox 564 2851 661 2889; x_wconf 90' lang='lat' dir='ltr'>manent</span> <span class='ocrx_word' id='word_1_224' title='bbox 678 2839 775 2888; x_wconf 85' lang='lat' dir='ltr'>diutius.</span> 
     </span>
    </p>

    <p class='ocr_par' dir='ltr' id='par_1_4' title="bbox 201 2912 953 3205">
     <span class='ocr_line' id='line_1_32' title="bbox 238 2912 886 2975; baseline 0.002 -14"><span class='ocrx_word' id='word_1_225' title='bbox 238 2913 281 2975; x_wconf 82' lang='lat'>36.</span> <span class='ocrx_word' id='word_1_226' title='bbox 299 2914 361 2962; x_wconf 87' lang='lat' dir='ltr'>Solis</span> <span class='ocrx_word' id='word_1_227' title='bbox 377 2927 497 2971; x_wconf 84' lang='lat' dir='ltr'>exortus,</span> <span class='ocrx_word' id='word_1_228' title='bbox 518 2914 620 2971; x_wconf 86' lang='lat' dir='ltr'>cursus,</span> <span class='ocrx_word' id='word_1_229' title='bbox 638 2912 735 2961; x_wconf 84' lang='lat' dir='ltr'>occasus</span> <span class='ocrx_word' id='word_1_230' title='bbox 754 2929 825 2960; x_wconf 91' lang='lat' dir='ltr'>nemo</span> <span class='ocrx_word' id='word_1_231' title='bbox 841 2913 886 2962; x_wconf 86' lang='lat' dir='ltr'>ad-</span> 
     </span>
     <span class='ocr_line' id='line_1_33' title="bbox 201 2984 953 3052; baseline 0.005 -21"><span class='ocrx_word' id='word_1_232' title='bbox 201 2984 317 3041; x_wconf 85' lang='lat' dir='ltr'>miratur,</span> <span class='ocrx_word' id='word_1_233' title='bbox 337 2998 465 3050; x_wconf 86' lang='lat' dir='ltr'>propterea</span> <span class='ocrx_word' id='word_1_234' title='bbox 482 2984 547 3052; x_wconf 82' lang='lat' dir='ltr'>qudd</span> <span class='ocrx_word' id='word_1_235' title='bbox 564 2986 671 3052; x_wconf 87' lang='lat' dir='ltr'>quotidie</span> <span class='ocrx_word' id='word_1_236' title='bbox 688 2984 747 3033; x_wconf 86' lang='lat' dir='ltr'>fiunt</span> <span class='ocrx_word' id='word_1_237' title='bbox 762 3002 768 3032; x_wconf 92' lang='lat'>:</span> <span class='ocrx_word' id='word_1_238' title='bbox 784 2998 809 3033; x_wconf 90' lang='lat' dir='ltr'>at</span> <span class='ocrx_word' id='word_1_239' title='bbox 826 2985 887 3035; x_wconf 80' lang='lat' dir='ltr'>ecli·</span> <span class='ocrx_word' id='word_1_240' title='bbox 949 2994 953 2999; x_wconf 90' lang='lat'>&#39;</span> 
     </span>
     <span class='ocr_line' id='line_1_34' title="bbox 201 3056 886 3125; baseline 0.01 -23"><span class='ocrx_word' id='word_1_241' title='bbox 201 3056 255 3120; x_wconf 88' lang='lat' dir='ltr'>pses</span> <span class='ocrx_word' id='word_1_242' title='bbox 271 3056 323 3104; x_wconf 89' lang='lat' dir='ltr'>solis</span> <span class='ocrx_word' id='word_1_243' title='bbox 339 3059 471 3113; x_wconf 85' lang='lat' dir='ltr'>mirantur,</span> <span class='ocrx_word' id='word_1_244' title='bbox 492 3062 546 3125; x_wconf 85' lang='lat' dir='ltr'>quia</span> <span class='ocrx_word' id='word_1_245' title='bbox 561 3059 616 3109; x_wconf 89' lang='lat' dir='ltr'>rard</span> <span class='ocrx_word' id='word_1_246' title='bbox 633 3058 767 3113; x_wconf 83' lang='lat' dir='ltr'>accidunt,</span> <span class='ocrx_word' id='word_1_247' title='bbox 787 3058 812 3106; x_wconf 70' lang='grc' dir='ltr'>ὃ(</span> <span class='ocrx_word' id='word_1_248' title='bbox 830 3058 886 3109; x_wconf 84' lang='lat' dir='ltr'>soli-s</span> 
     </span>
     <span class='ocr_line' id='line_1_35' title="bbox 201 3129 885 3205; baseline 0.006 -29"><span class='ocrx_word' id='word_1_249' title='bbox 201 3129 304 3198; x_wconf 74' lang='lat' dir='ltr'>eclipses</span> <span class='ocrx_word' id='word_1_250' title='bbox 318 3130 391 3202; x_wconf 82' lang='lat' dir='ltr'>magis</span> <span class='ocrx_word' id='word_1_251' title='bbox 401 3131 528 3198; x_wconf 71' lang='lat' dir='ltr'>miramur¹</span> <span class='ocrx_word' id='word_1_252' title='bbox 547 3137 617 3205; x_wconf 53' lang='lat' dir='ltr'>quam</span> <span class='ocrx_word' id='word_1_253' title='bbox 628 3135 690 3185; x_wconf 75' lang='lat' dir='ltr'>lunae</span> <span class='ocrx_word' id='word_1_254' title='bbox 701 3166 707 3188; x_wconf 90' lang='lat'><strong>‚</strong></span> <span class='ocrx_word' id='word_1_255' title='bbox 725 3130 837 3194; x_wconf 85' lang='lat' dir='ltr'>quoniam</span> <span class='ocrx_word' id='word_1_256' title='bbox 848 3132 885 3184; x_wconf 75' lang='lat' dir='ltr'>hae</span> 
     </span>
    </p>

    <p class='ocr_par' dir='ltr' id='par_1_5' title="bbox 707 3201 776 3270">
     <span class='ocr_line' id='line_1_36' title="bbox 707 3201 776 3270; baseline -0.029 -16"><span class='ocrx_word' id='word_1_257' title='bbox 707 3203 731 3254; x_wconf 92' lang='lat' dir='ltr'>D</span> <span class='ocrx_word' id='word_1_258' title='bbox 752 3201 776 3270; x_wconf 83' lang='lat' dir='ltr'>iij</span> 
     </span>
    </p>
   </div>
   <div class='ocr_carea' id='block_1_3' title="bbox 0 0 1206 4067">
    <p class='ocr_par' dir='ltr' id='par_1_6' title="bbox 0 0 1206 4067">
     <span class='ocr_line' id='line_1_37' title="bbox 0 0 1206 4067; baseline 0 0"><span class='ocrx_word' id='word_1_259' title='bbox 0 0 1206 4067; x_wconf 95' lang='lat' dir='ltr'> </span> 
     </span>
    </p>
   </div>
  </div>
 </body>
</html>
