2400 4067
330 592 388 691 ’38Ι
448 592 946 664 manutentum.-

331 711 404 764 causa
423 712 586 773 conferetur,
615 712 646 765 δι.
661 727 797 779 ecquonam
816 712 902 764 modo.
916 722 962 764 ant
981 712 1033 766 ho·

331 784 418 844 nesti,
436 801 479 839 aut
495 787 548 839 sine
563 787 676 854 periculo
690 787 799 853 potuerit
814 786 897 838 obsisti
908 800 925 840 :t
939 787 964 839 si
976 805 1031 839 ma·

331 859 399 911 aine
413 861 447 911 ita
460 862 493 913 sit
503 896 517 922 ,A
531 879 588 912 num
605 861 636 912 ei
649 876 678 912 re
693 861 799 912 concedi
811 877 858 913 reo
873 861 1031 922 consentiat,

331 934 409 1000 quod·
415 935 496 989 alieno
512 934 610 986 induuu
627 935 724 987 iecerit.
741 934 841 986 Deinde
854 936 880 986 in
899 933 1031 998 couiedin·

331 1009 407 1059 talem
428 1009 539 1058 trahetur
562 1009 780 1068 controversiam3
808 1009 835 1061 ὃι
858 1007 1031 1069 edisseretur,
1032 1044 1035 1049 -

331 1096 392 1132 num
409 1078 520 1133 consultd
535 1082 660 1135 factum
641 1097 683 1135 ιιι.
703 1083 730 1134 Si
744 1081 839 1134 causa
830 1099 858 1132 ιιι
872 1096 931 1133 rem
947 1098 1031 1150 qsranr·

332 1155 388 1205 darn
401 1155 563 1215 conferetur,
584 1158 611 1209 δι
626 1159 679 1208 hec
696 1157 782 1208 eadem
796 1153 871 1214 ferd,
886 1155 915 1206 dc
929 1157 1033 1216 omnir,

330 1245 386 1294 que
401 1227 433 1278 de
447 1230 630 1282 necessitudine
641 1230 829 1353 pr'aecepimus,
848 1228 1031 1311 consideranda

331 1313 413 1353 flunt.
525 1340 527 1346 ι

369 1372 468 1428 xum.
485 1373 609 1441 Quoniam
618 1344 677 1426 setis
683 1326 820 1427 ostendere
829 1373 969 1437 videmur,
983 1376 1030 1445 qui·

327 1445 377 1498 nus
388 1449 661 1533 argiutientationibro
652 1465 689 1499 m
697 1464 845 1516 unoquoque
862 1464 962 1515 genere
975 1466 1028 1502 aa·

331 1519 364 1573 ssa
382 1518 502 1586 judicial'u
522 1522 564 1576 uti.
580 1521 748 1581 conveniret3
771 1520 889 1588 consequi
906 1523 1027 1583 iidemu,

287 1625 292 1636 ,
331 1593 538 1654 ut·docearnus,
560 1595 764 1661 quemadmodum
784 1594 845 1662 ipsss
868 1611 1032 1663 argumenta·

331 1665 414 1718 tiones
431 1665 519 1723 oanatd
536 1667 564 1719 dt
578 1666 688 1720 absoluti
700 1667 803 1719 trudere
818 1668 945 1734 possimus
961 1687 970 1723 ι
983 1687 1033 1723 nan

331 1738 386 1790 feri
399 1757 450 1792 uon
466 1738 570 1806 difficile
581 1740 616 1791 est
627 1739 755 1798 invenire,
773 1741 830 1808 quid
842 1741 875 1791 sit
893 1743 979 1797 cause
991 1745 1031 1795 ad·

331 1809 444 1880 jumento
456 1831 466 1874 ι
486 1811 653 1865 difficillimum
663 1810 725 1867 verti
741 1812 795 1873 eu,
813 1814 945 1869 inventum
957 1833 1030 1885 expo·

332 1886 378 1939 lire
390 1899 408 1946 ,'
420 1888 447 1940 δι
462 1885 577 1952 expedite
591 1885 749 1951 pronuntiare
762 1902 769 1935 :
782 1887 837 1937 haec
853 1889 921 1939 enim
937 1907 985 1942 res
998 1891 1031 1942 ta·

333 1960 386 2018 cit,
401 1973 430 2012 ut
442 1969 523 2025 neque
541 1958 651 2015 diutius,
669 1960 740 2023 quim
755 1959 810 2008 satis
825 1959 876 2018 sit,
893 1961 921 2012 in
939 1963 1030 2015 eisdem

332 2033 396 2084 locis
413 2047 610 2088 commoremur,
628 2045 711 2096 neque
729 2030 817 2082 eddem
835 2032 978 2087 identidem
994 2053 1030 2088 re·

333 2107 480 2163 volvamur,
491 2118 572 2168 neque
586 2102 725 2154 inchoatam
736 2106 981 2170 argumentationem
997 2126 1032 2160 re·

334 2179 491 2245 linquamus,
507 2192 589 2241 neque
604 2174 761 2225 incommode
773 2176 803 2225 ad
820 2175 892 2224 aliam
910 2180 1035 2247 deinceps.

334 2249 492 2307 transeamus.
511 2248 597 2315 ltaque
614 2249 659 2298 hac
677 2248 773 2301 tatione
792 2247 880 2312 &ipsi
896 2253 1032 2306 meniniffe

333 2322 488 2391 poterimus,
508 2322 566 2389 quid
584 2339 684 2390 quoquo
700 2324 757 2373 loco
774 2321 926 2383 dixerimus,
945 2324 972 2376 δι
990 2343 1029 2378 au·

334 2396 401 2451 ditor
419 2412 493 2464 quum
507 2397 585 2447 totius
605 2397 699 2456 causae,
717 2409 769 2447 tum
785 2395 978 2466 uniuscujusque
991 2417 1029 2450 ar·

334 2471 526 2539 gumentationis
545 2470 736 2523 distributionem
752 2470 880 2538 percipere
898 2470 925 2522 δι
944 2474 1028 2525 memi-

333 2545 393 2598 niss'e
406 2546 508 2612 poterit.

350 2618 420 2670 -28
441 2618 508 2684 Ergo
524 2617 697 2670 absolutissima
716 2615 743 2667 δι
761 2616 937 2682 persedissima
957 2638 1028 2690 argu·

335 2690 455 2743 mentatio
473 2688 507 2740 est
525 2706 575 2748 ea,
593 2707 647 2757 quae
664 2690 690 2740 in
705 2691 811 2757 quinque
826 2705 908 2776 partes
928 2692 965 2744 est
982 2696 1027 2746 dis·

336 2764 448 2822 tributa,
467 2752 678 2829 propositionem,
697 2765 836 2824 rationem,
852 2766 956 2819 rationis
974 2785 1027 2818 con·

335 2835 515 2896 firmationem,
531 2837 733 2898 exornationem,
748 2838 957 2905 complexionem.
973 2841 1025 2893 Pro·

335 2911 429 2979 positio
440 2909 492 2971 est,
508 2928 551 2977 per
562 2928 632 2978 quam
644 2911 793 2963 ostendimus
800 2914 958 2977 summatim,
969 2912 1025 2982 quid

337 2985 387 3046 sit,
406 2985 472 3053 quod
482 2987 586 3052 probare
596 2987 719 3038 volumus.
737 2986 812 3038 Ratio
825 2985 858 3036 efl
868 2988 941 3040 causa
953 3023 962 3049 ,
975 3003 1027 3055 qua·

338 3059 484 3112 demonstrat
505 3076 590 3111 rerum
613 3058 661 3110 effe
685 3060 738 3118 id,
764 3059 830 3126 quod
851 3060 1027 3119 intendimus,

337 3131 409 3188 iteri
426 3131 583 3204 subjeuune.
611 3133 722 3188 Rationis
743 3132 895 3189 confirmatio
918 3136 956 3191 eii
974 3153 1027 3197 ea,
