2400 4067
249 679 284 774 oj
361 677 442 748 Ao
478 678 828 754 Laeron-uns

248 795 329 856 ronis
349 793 453 877 Opera
470 817 531 855 non
547 793 685 855 videntur
693 797 771 877 typis
782 793 862 858 fuiffe
872 793 946 857 vul-

238 922 243 927 ..
273 893 318 936 ata
329 893 396 937 ante
410 897 517 937 annum
542 875 629 955 1498.
648 897 707 958 quo
725 898 803 936 anno
820 898 855 937 ea
873 877 945 937 Me-

250 896 361 1017 diolani
377 955 508 1039 impreffa
524 955 586 1016 sunt
597 970 721 1039 quatuor
731 960 841 1040 magnis
853 960 944 1018 volu-

250 1039 376 1098 minibus
400 1059 452 1120 per
488 1037 688 1098 Alexandrum
730 1038 942 1101 Minucianum.

251 1118 404 1181 Memorat
419 1121 449 1178 in
466 1117 701 1200 suapraefatione
723 1117 855 1181 Graevius
876 1121 945 1180 edi-

248 1202 365 1260 rionem
383 1199 540 1280 quamdam
557 1203 625 1261 anni
646 1219 732 1276 1472.
750 1199 800 1262 sed
818 1201 880 1260 haec
894 1204 945 1260 vi-

250 1280 338 1340 detur
347 1278 508 1341 Orationes
515 1277 770 1342 tantirmhabuiffe.
781 1279 854 1341 Aliae
862 1282 945 1342 dein-

252 1360 291 1421 de
307 1380 415 1442 magno
427 1381 549 1420 numero
561 1361 705 1421 editiones
717 1359 861 1442 descriptae
877 1360 944 1423 sunt

251 1438 757 1522 praesertimexhacMediolanensi‚
776 1458 824 1501 aut
837 1463 873 1502 ex
884 1443 946 1504 As-

253 1524 496 1606 censiana‚·quae
518 1521 616 1584 lucem
635 1521 710 1585 vidit
730 1519 840 1582 Parisiis
863 1545 943 1586 anno

257 1621 273 1664 1
298 1622 346 1664 22.

279 1622 444 1746 ςΗειὲὶειιιιε
456 1681 562 1746 Cicero
571 1685 610 1744 ita
617 1685 697 1765 typis
707 1682 858 1745 mandatus
868 1701 944 1758 erar,

253 1779 286 1831 ut
300 1765 377 1826 nulla
391 1764 461 1826 effer
473 1764 731 1844 manuscriptorum
744 1763 854 1824 interse
868 1763 944 1826 facta

254 1845 393 1920 ¹collati03
407 1846 457 1909 sed
473 1846 546 1905 illius
565 1845 682 1926 quisque
701 1845 809 1905 codicis
819 1843 876 1904 fide
888 1843 946 1906 ste-

253 1924 349 2001 tisset,
365 1947 453 2008 quem
476 1926 572 1985 nadius
593 1943 655 1985 erat
670 1945 677 1984 :
692 1927 731 1985 ira
748 1942 780 1985 ut
799 1924 945 2004 ejusmodi

254 2004 399 2069 editiones
410 2009 492 2066 unius
503 2008 615 2066 tantum
626 2007 733 2066 codicis
743 2007 945 2068 audioriratem

252 2087 392 2157 habeant.
408 2086 450 2146 At
465 2106 553 2148 nemo
565 2085 804 2147 nescitalibrariis
813 2104 862 2147 aut
874 2087 947 2147 osci-

254 2152 380 2228 rantibus'
389 2212 399 2241 ‚
408 2169 617 2248 ‘autimperitis
626 2211 635 2240 ‚
645 2172 685 2226 ita
695 2166 850 2248 descriptos
863 2165 945 2229 fuisse

255 2245 373 2309 ‘codices
384 2293 394 2323 ,
407 2248 464 2307 urii
472 2247 591 2307 demum
598 2250 702 2327 optimi
709 2247 885 2317 habeantur,
896 2251 948 2328 qui

255 2328 377 2396 minime
390 2331 455 2388 sint
475 2327 636 2408 depravati.
662 2327 753 2410 Igitur
770 2330 819 2407 qui
835 2327 946 2389 litteras

254 2410 413 2490 impensius
431 2406 591 2481 fovebant,
608 2408 674 2468 huic
690 2408 770 2469 malo
786 2406 897 2468 mederi
917 2409 947 2470 se

256 2512 319 2552 non
339 2490 393 2551 alia
404 2492 515 2552 ratione
528 2489 609 2572 poffe
623 2490 749 2551 arbitrati
761 2488 823 2550 sunt
834 2534 842 2564 ‚
857 2489 945 2568 quiin

256 2572 282 2632 si
299 2573 483 2654 conquisitis,
506 2589 592 2655 atque
612 2574 686 2634 inter
704 2571 732 2632 se
751 2571 861 2632 collatis
882 2592 949 2630 ma-

145 2697 152 2714 .
239 2696 241 2699 -
256 2652 560 2735 nuscriptispluribus‚
570 2650 833 2734 egregio-scriptori
844 2649 951 2713 sanita·

259 2750 338 2806 tem,
354 2755 441 2814 quam
450 2735 498 2794 ille
512 2733 734 2794 exscribendum
745 2730 846 2808 culpd,
859 2733 890 2789 ὃ(
904 2733 953 2790 in-

258 2811 332 2894 juria
349 2829 516 2893 temporum
535 2811 683 2885 amiserat,
701 2808 892 2872 restituerent.
903 2811 952 2878 Ιη-

260 2911 305 2955 rer
324 2895 453 2975 primos,
475 2896 524 2975 qui
543 2889 682 2955 Ciceroni
704 2912 805 2951 manus
814 2888 951 2954 salutares

251 2973 479 3046 admoverunt,
507 2971 643 3036 Andreas
676 2971 837 3056 Naugerius
870 2995 951 3035 anno

264 3053 539 3135 1519.&proxime
558 3051 681 3129 secutis,
699 3057 752 3114 tria
771 3052 952 3117 Orationum

261 3135 574 3216 voluminavulgavita
595 3135 637 3195 ud
646 3133 953 3213 AldumManutium,

259 3214 498 3301 inscriptaleoni
510 3213 548 3285 X·
590 3215 678 3283 umbo
686 3260 698 3292 ‚
710 3216 742 3281 &
756 3213 910 3293 Sadalou.

461 3393 469 3421 Ι
