2400 4067
323 676 376 770 56
437 676 907 744 Rnrronrconnn

325 796 388 844 beret
402 791 518 861 serratus,
542 795 650 862 captivos
671 792 699 842 ab
721 792 821 855 hostibus
841 791 972 852 redimere,
993 809 1024 842 an

324 886 395 926 non3
415 870 501 933 partim
521 881 621 934 propter
639 867 739 932 aliquam
761 878 904 915 extraneam
926 865 1024 916 causam

325 941 427 990 veniunt
437 942 461 991 in
474 941 670 991 deliberationem
684 940 709 990 bt
725 938 956 997 consultationem-3
976 951 1023 997 ut,

325 1015 347 1064 ri
360 1013 472 1065 deliberet
484 1012 600 1082 senatur,
619 1012 683 1062 bello
693 1010 781 1062 Italico
795 1007 912 1078 fhlvatne
929 1009 1021 1079 legibus

326 1086 483 1156 Scipionem,
504 1103 531 1136 ut
552 1105 602 1136 eum
622 1087 694 1135 liceat
714 1100 768 1136 ante
788 1099 879 1151 tempus
900 1081 1022 1152 consulem

321 1160 402 1230 fieri3
419 1162 505 1227 partim
521 1160 546 1211 bt
561 1172 663 1227 propter
678 1158 702 1208 se
719 1159 772 1208 funt
788 1157 980 1217 deliberanda,
998 1157 1022 1207 δι

322 1235 401 1302 magis
416 1246 517 1300 propter
532 1245 670 1283 extraneam
687 1232 778 1282 causam
795 1230 900 1280 veniunt
916 1231 948 1279 im
963 1247 1022 1280 con·

325 1307 500 1365 sultationem3
520 1319 567 1365 ut,
586 1306 607 1356 ri
620 1303 733 1355 deliberet
746 1299 861 1370 senatus,
882 1302 953 1354 bello
969 1302 1023 1353 Ira·

326 1379 375 1430 Γιιο
385 1375 458 1446 sociis
469 1379 589 1429 civitatem
599 1380 657 1437 der,
678 1395 708 1426 an
719 1395 776 1427 non.
795 1377 824 1426 In
841 1377 932 1443 quibus
946 1377 1025 1428 causis

327 1453 364 1503 rei
378 1467 461 1503 natura
480 1453 553 1502 faciet
569 1451 787 1507 deliberationem,
808 1452 889 1503 omnis
907 1451 977 1500 ratio
992 1450 1020 1500 ad

327 1525 400 1593 ipsam
419 1543 470 1576 rem
489 1525 720 1575 accommodabitur.
746 1524 774 1573 ln
795 1524 884 1590 quibus
906 1535 1020 1574 extranee
1059 1564 1062 1569 .

328 1600 399 1650 carisa
410 1597 524 1650 conficiet
534 1599 751 1656 deliberationem,
766 1597 791 1646 in
801 1597 842 1648 bis
850 1613 880 1646 ea
891 1596 944 1662 ipsa
956 1595 1023 1648 caula

328 1674 375 1723 erit
388 1674 549 1742 adaugenda,
563 1684 605 1722 aut
620 1671 784 1738 deprimenda.

367 1760 393 1811 3.
410 1746 652 1802 Omnem-rationem
667 1761 750 1793 eorum
763 1742 804 1808 qui
820 1742 972 1793 sententiam
987 1742 1024 1794 di·

330 1833 408 1880 rent,
427 1818 500 1870 finem
516 1820 561 1869 sibi
577 1817 708 1869 conveniet
726 1815 836 1865 utilitatis
853 1832 1022 1883 proponere,

329 1906 356 1943 nt
370 1895 447 1945 omnir
458 1892 495 1944 eb
506 1893 580 1942 totius
592 1889 707 1941 orationis
722 1890 784 1939 ratio
797 1890 955 1940 conferatur.
969 1890 1024 1941 Uti·

329 1967 384 2017 litas
397 1967 421 2016 in
437 1967 495 2016 duas
513 1977 595 2030 partes
612 1965 637 2012 in
655 1963 718 2012 civili
735 1962 916 2013 consultatione
935 1963 1024 2013 dividi·

330 2052 389 2096 tur,
406 2051 502 2095 tutam,
519 2037 544 2087 δι
556 2035 687 2086 bonellam.
701 2034 766 2084 Tuta
782 2034 835 2092 est,
854 2052 911 2100 quae
925 2035 1024 2087 conficit

329 2111 450 2169 inflantis,
463 2122 505 2159 aut
516 2109 685 2176 consequentis
695 2108 797 2173 periculi
808 2107 959 2159 vitationem
971 2127 1024 2176 qua·

330 2185 390 2234 libet
402 2185 505 2235 ratione.
520 2183 582 2233 Haec
599 2181 743 2232 distribuitur
753 2181 777 2231 in
788 2182 836 2230 vim
849 2214 857 2239 ,
878 2182 907 2232 ἃ
920 2184 1023 2234 dolum:

330 2274 433 2324 quorum
443 2269 485 2307 aut
501 2259 602 2307 alterum
618 2256 760 2322 separatim,
780 2266 821 2305 aut
837 2267 976 2324 utrumque
990 2256 1025 2309 lu·

331 2347 423 2381 memus
440 2329 595 2396 conjunllim.
607 2331 653 2383 Vis
664 2329 802 2379 decernitur
818 2343 863 2392 per
878 2332 1024 2387 exercitis,

331 2403 413 2456 claffes
425 2439 433 2463 ,
450 2421 514 2455 arma
526 2439 533 2464 ,
549 2415 671 2455 tormenta
683 2437 690 2462 ,
709 2401 1023 2462 evocationeshominum,

334 2479 360 2530 ὃ(
371 2480 428 2528 alias
438 2477 573 2544 hujusmodi
588 2494 637 2528 res.
652 2477 733 2528 Dolus
746 2475 895 2526 consumitur
908 2478 935 2528 in
952 2495 1025 2546 pecu·

332 2554 371 2603 nia
384 2588 391 2611 ,
409 2553 604 2618 pollicitatione,
623 2550 828 2606 dissimulatione,
843 2553 1026 2610 maturatione,

333 2627 457 2677 mentione
469 2661 476 2685 ,
495 2627 520 2678 &
532 2627 620 2676 ceteris
634 2626 724 2682 rebus,
742 2624 772 2672 de
784 2617 869 2687 quibus
880 2625 960 2692 magis
976 2625 1027 2675 ido·

331 2716 380 2749 neo
392 2713 502 2763 tempore
513 2701 657 2764 loquemur,
676 2697 696 2746 si
708 2696 803 2762 quando
817 2696 847 2744 de
862 2713 889 2745 re
899 2698 1008 2749 militari
1020 2729 1027 2757 ,

332 2782 375 2820 aut
388 2772 418 2819 de
429 2770 628 2819 administratione
642 2769 781 2835 reipublicae
793 2768 897 2819 scribere
909 2771 1027 2840 velimut.

333 2842 440 2894 Honessa
451 2860 489 2892 res
501 2843 616 2893 dividitur
629 2844 654 2892 in
665 2841 755 2893 retium
765 2876 772 2902 ,
792 2842 818 2892 δι
828 2842 965 2895 laudabile.
981 2840 1027 2895 Rd-

333 2916 396 2966 trum
412 2915 463 2973 est,
481 2917 546 2983 quod
557 2933 612 2966 cum
622 2917 712 2966 virtute
730 2916 755 2967 δι
766 2913 847 2965 officio
861 2913 899 2965 sit.
918 2916 950 2968 ld
965 2917 1031 2969 divi·

333 2990 399 3039 ditur
409 2989 433 3039 in
443 2991 594 3055 prudentiam
604 3023 610 3049 ,
627 2984 735 3054 justitiam
745 3023 753 3045 ‚
768 2988 943 3041 fortitudinem
953 3025 961 3051 ,
977 3007 1030 3043 mo·

334 3062 440 3113 debiam.
453 3062 583 3114 Prudentia
598 3061 631 3113 eu
643 3063 779 3121 calliditas,
793 3062 961 3128 quaeratione
970 3081 1032 3131 qur·

336 3137 389 3186 da'm
401 3137 480 3204 potest
491 3136 609 3187 deletlum
618 3136 708 3186 babere
720 3137 838 3185 bonorum
850 3135 876 3186 δι
887 3139 1031 3189 malorumt

337 3209 425 3263 dicitur
433 3211 492 3266 item
502 3210 631 3281 prudentia
642 3242 650 3273 ,
668 3208 766 3262 scientia
777 3207 901 3279 cujusdam
913 3209 1034 3266 artifieiit
